2462 4120
322 571 457 603 PROP.
476 571 523 604 V.

615 399 733 452 366
989 414 1077 457 DE
1110 416 1612 460 MAGNITUDINE
1649 418 1950 461 officum.

607 551 687 610 ad
716 571 926 612 arcum
971 553 1340 635 descriptum
1379 558 1455 616 ab
1487 558 1615 630 ΑΕ,
1646 558 1734 617 ita
1779 577 1955 616 arcus
2002 556 2338 635 descriptus

605 645 681 704 ab
713 646 831 705 AX
861 648 940 707 ad
970 648 1070 708 DS
1101 651 1198 709 vel
1228 651 1358 710 Ro.
1420 651 1553 711 Erit
1582 652 1767 711 etiam
1785 662 1855 710 ut
1876 650 2140 711 semissis
2162 670 2338 710 arcus

606 740 715 799 BD
745 741 824 801 ad
855 743 1163 803 semissem
1193 764 1370 804 arcus
1411 745 1702 823 descripti
1741 746 1819 805 ad
1849 746 1975 817 ΑΕ,
2007 745 2095 804 ita
2134 744 2336 803 semis-

604 834 685 893 sis
715 855 892 895 arcus
924 836 1214 916 descripti
1258 839 1334 897 ab
1366 838 1483 896 AX
1513 838 1592 897 ad
1623 839 1752 898 Ro.
1840 838 2150 898 Transibit
2189 857 2336 916 ergo

602 948 779 988 arcus
809 930 886 989 ab
927 931 1044 990 AX
1075 951 1185 1009 per
1213 941 1510 1009 punctum
1538 933 1609 991 Ο.
1703 932 1823 991 Sed
1856 933 1964 992 AO
2001 931 2204 991 media
2244 942 2337 991 est

603 1024 1076 1101 proportionalis
1108 1025 1268 1083 inter
1298 1025 1544 1102 duplam
1577 1025 1690 1084 AR
1711 1036 1773 1084 et
1794 1037 2024 1085 rectam
2047 1026 2178 1085 Ro,
2223 1026 2336 1085 Est

603 1127 810 1179 autem
857 1118 1070 1177 eadem
1108 1119 1218 1177 AO
1267 1118 1468 1177 media
1512 1118 1982 1196 proportionalis
2027 1119 2186 1178 inter
2225 1120 2334 1178 AB

604 1220 666 1270 et
697 1221 960 1288 quatuor
1004 1212 1134 1289 ejus
1165 1212 1409 1290 quintas
1437 1238 1451 1280 ;
1499 1222 1559 1271 et
1590 1223 1916 1290 propterea
1936 1221 2141 1291 potest
2177 1213 2332 1272 vice-

604 1306 851 1384 cuplum
880 1306 1009 1383 ejus
1041 1305 1203 1383 quod
1233 1315 1436 1383 potest
1465 1325 1606 1384 pars
1637 1306 1853 1384 quinta
1880 1305 2034 1365 radii
2066 1306 2212 1374 AB;
2270 1306 2335 1366 id

601 1410 715 1472 est,
748 1399 1112 1478 quadratum
1138 1400 1213 1458 ab
1245 1399 1357 1460 AO
1389 1410 1483 1459 est
1513 1400 1590 1459 ad
1622 1399 1984 1478 quadratum
2015 1400 2233 1460 ABCD
2263 1410 2335 1460 ut

599 1503 635 1553 4
658 1495 736 1554 ad
763 1503 816 1554 5.
882 1495 1087 1555 Quare
1111 1495 1478 1573 quadratum
1502 1496 1578 1554 ab
1610 1495 1721 1555 Ro
1745 1505 1839 1555 est
1866 1495 1943 1555 ad
1967 1495 2333 1574 quadratum

599 1588 818 1647 ABCD
850 1598 920 1647 ut
952 1597 987 1648 2
1021 1589 1099 1648 ad
1131 1597 1187 1652 5.

688 1681 912 1741 Coroll.
935 1683 973 1742 i.
1022 1683 1313 1760 Sequitur
1342 1683 1506 1756 hinc,
1532 1683 1582 1742 si
1613 1683 1873 1742 ducatur
1902 1694 2072 1743 recta
2096 1683 2206 1764 gd
2227 1704 2329 1763 pa,-

599 1775 807 1834 rallela
838 1775 959 1848 BC,
995 1796 1207 1835 secans
1236 1776 1345 1835 AB
1376 1777 1439 1835 in
1466 1797 1536 1857 g,
1581 1776 1748 1836 illam
1779 1777 1878 1857 dg
1907 1777 2169 1836 mediam
2200 1797 2330 1837 esse

599 1869 1121 1947 proportionalem
1152 1870 1314 1930 inter
1343 1871 1455 1951 Ag
1484 1881 1547 1930 et
1577 1871 1771 1950 ipsam
1803 1871 1900 1952 dg
1924 1898 1938 1940 ;
1985 1881 2048 1932 et
2075 1871 2331 1950 proinde

598 1963 894 2022 utramvis
939 1983 1149 2023 earum
1197 1965 1495 2044 aequalem
1541 1985 1670 2025 esse
1715 1965 1968 2026 dimidio
2017 1986 2194 2026 arcus
2222 1986 2333 2045 per

601 2057 730 2128 BD,
761 2057 824 2116 id
856 2068 948 2118 est
979 2059 1275 2138 aequalem
1306 2079 1438 2119 esse
1468 2061 1638 2118 arcui
1668 2060 1786 2120 BP.

688 2150 922 2212 Coroll.
975 2153 1036 2212 ii.
1126 2154 1288 2214 Quia
1345 2154 1457 2213 Ad
1508 2164 1711 2232 potest
1758 2155 2143 2233 quintuplum
2202 2156 2332 2233 ejus

599 2245 764 2323 quod
794 2256 997 2324 potest
1027 2248 1382 2307 semiradius
1407 2249 1528 2321 ΒΕ,
1559 2249 1786 2326 poterit
1816 2249 1914 2329 dg
1945 2249 2333 2328 quintuplum

599 2340 728 2417 ejus
759 2340 925 2418 quod
968 2351 1174 2420 potest
1218 2351 1436 2420 quarta
1480 2362 1619 2420 pars
1658 2343 1815 2401 radii
1852 2343 1997 2411 AB;
2043 2352 2105 2402 et
2138 2343 2333 2403 ambae

598 2433 776 2493 simul
818 2435 882 2494 in
922 2456 1109 2496 unam
1149 2446 1382 2495 rectam
1425 2436 1777 2515 compositae
1823 2445 2081 2515 possunt
2120 2436 2332 2496 decem

598 2529 953 2589 semiradios
980 2556 995 2599 ;
1040 2530 1317 2610 sequitur
1357 2550 1491 2589 eam
1523 2551 1660 2609 quae
1689 2539 1889 2609 potest
1918 2531 2130 2590 decem
2161 2530 2331 2590 semi-

598 2622 822 2697 radiOS,
854 2625 1152 2704 aequalem
1182 2645 1312 2685 esse
1341 2625 1511 2684 arcui
1541 2625 1669 2685 BD.

1189 2810 1604 2854 PROPOSITIO
1638 2811 1733 2854 VI.

682 2916 877 2977 Recta
906 2917 1007 2978 DS
1039 2919 1287 2998 aequalis
1327 2929 1419 2978 est
1456 2918 1690 2979 duabus
1727 2919 1954 2998 quintis
1993 2938 2170 2978 arcus
2201 2919 2330 2979 BD.

682 3010 835 3070 Cum
868 3013 1031 3072 enim
1064 3013 1166 3071 DS
1188 3014 1321 3092 (per
1349 3014 1828 3093 praecedentem)
1859 3013 2060 3073 media
2089 3014 2167 3073 sit
2195 3034 2334 3093 pro-

597 3103 956 3182 portionalis
986 3107 1145 3166 inter
1174 3108 1283 3167 AB
1302 3108 1397 3167 vel
1427 3108 1554 3180 DC,
1581 3117 1642 3167 et
1673 3107 1823 3167 duas
1853 3107 2040 3186 ipsius
2069 3107 2331 3186 quintaS‚

597 3197 714 3257 erit
760 3218 937 3258 arcus
988 3201 1082 3260 ST
1133 3202 1335 3261 media
1379 3202 1854 3281 proportionalis
1911 3202 2072 3261 inter
2120 3222 2330 3262 arcum

597 3293 706 3352 BD
751 3302 813 3353 et
857 3293 1007 3354 duas
1051 3296 1292 3373 quintas
1328 3306 1531 3375 partes
1577 3296 1848 3375 ejusdem
1887 3315 2084 3356 arcus,
2173 3296 2332 3355 Sunt

595 3397 801 3446 autem
848 3389 1136 3448 continue
1175 3391 1665 3470 proportionales
1717 3390 1852 3450 duae
1897 3391 2125 3468 quintae
2175 3390 2331 3450 radii

595 3481 705 3540 AB
736 3482 831 3540 vel
861 3482 989 3554 DC,
1021 3494 1191 3543 recta
1231 3486 1353 3556 Ds,
1393 3495 1562 3545 recta
1606 3485 1734 3557 DC,
1766 3504 1943 3544 arcus
1974 3484 2083 3542 BD
2110 3511 2124 3552 3
2185 3504 2330 3542 con-

595 3576 765 3635 tinue
812 3577 995 3636 etiam
1042 3580 1530 3656 proportionales
1566 3580 1703 3639 duae
1732 3579 1960 3658 quintae
1992 3598 2168 3637 arcus
2200 3578 2328 3651 BD,

595 3679 759 3730 totus
802 3691 979 3732 arcus
1011 3672 1124 3744 ST,
1158 3684 1220 3732 et
1259 3695 1438 3735 arcus
1484 3675 1615 3734 BD.
1702 3673 1822 3733 Sed
1853 3674 1915 3732 in
1944 3683 2202 3751 utroque
2232 3693 2328 3731 or-
