2462 4120
596 326 686 368 nn
722 324 1226 369 MAGNITUmNE
1261 327 1563 372 cmcum.
1816 316 1934 381 375

205 476 440 550 quartae
467 466 629 547 parti
657 466 869 526 circuli
908 465 1199 544 descripti
1228 466 1680 527 semidiametro
1710 467 1839 542 AB,
1871 478 1938 530 et
1992 492 2132 525 mor».
2158 492 2264 525 mv.

205 584 316 643 per
346 580 718 639 consequens
768 560 1015 639 aequalis
1061 560 1181 619 erit
1230 561 1561 640 perimetro
1600 562 1789 622 totius
1819 564 1936 623 cir-
2005 549 2241 578 “f—³

206 658 328 718 culi
367 654 657 733 descripti
686 675 723 714 a
751 655 999 714 semisse
1037 664 1225 713 rectae
1254 654 1397 723 AB;
1441 664 1504 714 et
1532 655 1779 716 habebit
1808 658 1936 719 dia-

203 761 466 812 metrum
494 749 789 828 aequalem
818 749 948 808 AB.
1040 749 1246 816 Quare
1293 749 1666 827 triangulum
1696 763 1937 812 rectan-

201 845 414 924 gulum
461 844 633 922 cujus
680 844 875 904 latera
923 844 1089 903 circa
1139 853 1374 903 rectum
1417 844 1708 922 angulum
1757 846 1936 907 MBG

202 949 347 1000 sunt
371 938 475 998 BC
510 946 572 998 et
598 939 740 1013 ΒΜ,
765 939 881 999 erit
906 939 1136 1017 aequale
1162 938 1390 998 circulo
1422 938 1729 1017 descripto
1762 942 1939 999 semi-

203 1033 502 1093 diametro
533 1055 668 1113 quae
698 1034 775 1094 sit
805 1034 1068 1094 semissis
1098 1042 1284 1093 rectae
1309 1033 1436 1092 AB.
1526 1032 1689 1090 Huic
1733 1043 1938 1092 autem

200 1128 509 1207 triangulo
534 1129 764 1208 aequale
785 1137 876 1188 est
896 1128 1319 1207 rectangulum
1343 1128 1454 1186 sub
1475 1126 1584 1185 AB
1605 1136 1666 1186 et
1688 1126 1939 1187 dimidia

202 1223 348 1295 ΒΜ,
380 1222 448 1282 id
494 1231 585 1282 est
629 1223 985 1302 rectangulo
1014 1223 1262 1291 ABzw;
1308 1231 1369 1282 et
1397 1221 1755 1299 rectangulo
1794 1222 1938 1282 huic

202 1317 433 1398 aequale
463 1326 556 1376 est
609 1318 976 1396 quadratum
1017 1328 1203 1377 rectae
1247 1317 1375 1390 Dw,
1420 1315 1638 1376 mediae
1681 1335 1938 1395 propor-

200 1412 446 1472 tionalis
491 1412 652 1472 inter
694 1413 804 1472 AB
856 1413 982 1472 sive
1016 1412 1151 1485 DC,
1195 1421 1260 1471 et
1302 1411 1616 1471 dimidiam
1646 1410 1769 1471 ΒΜ
1801 1431 1938 1491 quae

202 1514 295 1566 est
325 1506 439 1573 Dii.

785 1669 1201 1713 PROPOSITIO
1236 1671 1354 1712 XV.

284 1792 445 1851 Dato
475 1790 774 1871 quadrato
803 1791 1078 1850 invenire
1108 1790 1402 1868 aequalem
1433 1788 1750 1848 circulum.

286 1886 380 1944 Sit
412 1885 622 1945 datum
659 1887 747 1961 (in
776 1886 862 1961 fig
892 1885 955 1961 2)
992 1884 1357 1964 quadratum
1387 1883 1606 1943 ABCD
1637 1883 1736 1942 cui
1765 1881 1934 1942 inve-

197 1979 458 2039 niendus
515 1980 594 2039 sit
652 1979 900 2057 aequalis
948 1978 1229 2038 circulus.
1319 1978 1572 2037 Secetur
1620 1977 1778 2036 latus
1823 1978 1934 2037 AB

198 2073 634 2152 quadrifariam
687 2074 751 2132 in
779 2075 850 2143 E,
883 2074 947 2146 F,
980 2083 1043 2132 et
1073 2074 1124 2133 G
1151 2094 1164 2140 ;
1213 2072 1756 2150 compleanturque
1786 2092 1936 2150 qua-

199 2168 376 2227 drata
396 2169 682 2247 partium,
703 2188 838 2247 quae
864 2177 1045 2226 erunt
1070 2167 1349 2226 sedecem
1374 2166 1535 2225 inter
1559 2186 1622 2225 se
1646 2166 1930 2244 aequalia3

198 2262 620 2340 ducanturque
644 2261 995 2340 diagonales
1015 2261 1150 2334 AD,
1172 2261 1299 2334 BC,
1321 2270 1595 2320 secantes
1625 2280 1688 2319 se
1718 2271 1933 2332 mutuo

196 2356 262 2415 in
291 2365 502 2416 centro
533 2356 817 2436 quadrati
846 2356 926 2414 ad
956 2357 1038 2415 H.
1127 2355 1354 2414 Centro
1380 2355 1440 2413 H
1473 2354 1794 2414 intervallo
1817 2356 1932 2414 HE

195 2451 294 2510 vel
324 2451 442 2511 HG
472 2451 732 2510 ducatur
775 2450 1104 2528 perimeter
1148 2449 1360 2510 circuli
1405 2469 1618 2509 secans
1648 2449 1757 2508 AB
1787 2449 1849 2508 in
1879 2450 1931 2508 E

197 2553 261 2604 et
289 2545 361 2618 G,
391 2554 452 2605 et
482 2545 829 2623 diagonales
862 2545 927 2603 in
957 2545 1013 2603 R
1044 2554 1106 2604 et
1138 2545 1199 2603 S.
1290 2544 1536 2603 Secabit
1577 2553 1784 2603 autem
1814 2544 1931 2603 cir-

199 2639 369 2698 culus
414 2640 608 2698 latera
656 2640 887 2719 reliqua
929 2640 1112 2698 etiam
1144 2639 1597 2717 quadrifariam,
1628 2639 1929 2698 transiens

197 2752 307 2810 per
334 2742 564 2810 puncta
592 2734 657 2804 P,
688 2734 777 2805 M,
809 2735 882 2806 O,
917 2734 996 2806 Ν,
1030 2734 1089 2794 Q
1118 2744 1181 2793 et
1211 2734 1277 2792 L.

280 2826 433 2885 Dico
499 2827 793 2886 circulum
858 2827 1019 2886 hunc
1086 2828 1380 2907 aequalem
1448 2847 1576 2886 esse
1633 2826 1927 2906 quadrato

197 2919 437 2979 ABCD.
523 2921 902 2980 Producatur
927 2922 1039 2979 HF
1068 2922 1146 2981 ad
1177 2921 1731 2980 circumferentiam
1760 2921 1823 2979 in
1852 2921 1921 2980 T.

199 3013 264 3071 Si
294 3032 440 3090 ergo
469 3013 806 3072 trilaterum
843 3014 1026 3086 AER,
1058 3024 1415 3074 contentum
1462 3015 1695 3073 duabus
1739 3016 1923 3073 rectis

196 3107 325 3178 ΑΕ,
356 3107 470 3165 AR
491 3116 554 3165 et
582 3126 730 3166 arcu
756 3108 884 3180 ER,
916 3109 1145 3186 aequale
1177 3110 1255 3168 sit
1286 3110 1560 3168 trilatero
1602 3109 1750 3167 FTE
1781 3128 1920 3167 con-

195 3211 368 3260 tento
408 3200 639 3259 duabus
691 3201 873 3259 rectis
903 3202 1021 3271 EF,
1054 3203 1173 3275 FT,
1206 3212 1267 3262 et
1298 3223 1444 3262 arcu
1473 3203 1594 3275 ΕΤ,
1638 3202 1919 3260 manifes-

195 3304 328 3354 tum
358 3303 452 3353 est
495 3294 865 3371 triangulum
897 3295 1086 3367 AHF,
1130 3316 1349 3375 nempe
1377 3307 1615 3375 partem
1644 3304 1918 3354 octavam

196 3389 385 3448 totius
417 3388 716 3467 quadrati,
749 3390 980 3466 aequale
1027 3410 1155 3449 esse
1196 3391 1417 3450 sectori
1464 3390 1657 3461 HRT,
1687 3397 1918 3447 octavae

198 3483 344 3542 item
375 3481 533 3561 parti
563 3481 751 3540 totius
782 3482 994 3541 circuli
1019 3506 1033 3541 :
1080 3494 1143 3543 et
1173 3486 1259 3544 sic
1282 3485 1357 3544 de
1383 3483 1620 3543 caeteris
1648 3482 1920 3560 partibus
