2462 4120
748 353 1305 398 GEOMETRARUM.
1781 342 1899 407 397

166 498 321 562 Quis
351 496 512 558 enim
535 493 838 572 intelligat
868 491 1204 572 quo-modo
1234 502 1465 572 puncta
1494 495 1694 555 media
1720 496 1899 556 lineae
1988 519 2101 551 OAP.
2128 517 2196 549 1v.

165 616 242 656 ex
270 613 445 673 aequo
462 592 672 669 jacent
701 590 860 648 inter
891 596 1165 647 extrema
1191 586 1210 644 ἓ
1941 575 2238 663 „mm-

252 688 392 749 Quo
424 693 786 765 argumento
817 692 1130 742 ostensum
1160 690 1252 741 est
1281 691 1578 760 punctum
1617 704 1741 743 non
1772 704 1902 744 esse

167 803 277 845 sua
305 789 546 852 natura,
575 766 683 841 sed
713 776 1094 837 solummodo
1125 786 1194 835 ut
1224 777 1676 836 consideratum
1707 779 1768 837 in
1800 779 1903 838 de-

168 874 732 946 monstrationibus,
784 872 1149 932 indivisibile
1177 894 1191 930 :
1239 871 1455 931 eodem
1503 871 1906 931 demonstrari
1978 868 1980 870 ’

168 975 390 1054 potest,
420 970 646 1029 lineam
674 987 800 1028 non
831 987 962 1027 esse
1006 986 1115 1026 sua
1153 976 1372 1024 natura
1405 965 1534 1024 sine
1563 964 1905 1038 latitudine,

170 1066 278 1128 sed
317 1063 698 1126 solummodo
731 1070 1032 1141 quatenus
1079 1059 1466 1121 considerata
1496 1069 1590 1119 est
1618 1059 1778 1119 inter
1808 1058 1904 1118 de-

169 1158 652 1223 monstrandum.

882 1357 1207 1365 ——-———-.

906 1513 1077 1574 CAP.
1104 1513 1177 1573 V.

704 1640 707 1644 ’
759 1658 848 1700 DE
894 1658 1332 1702 sUPERFlcm.

179 1771 558 1830 DEFINITIO
592 1768 826 1847 quinta,
857 1768 1221 1848 superficie-s·
1266 1775 1361 1826 est
1403 1787 1533 1846 quoe
1577 1764 1918 1846 longitudi-

179 1885 312 1924 nem
343 1862 848 1942 latitudinemque
876 1862 1075 1937 habet,
1112 1861 1328 1922 iisdem
1368 1861 1649 1920 omnibus
1680 1861 1920 1919 laborat

180 1960 343 2020 vitiis
373 1979 514 2018 oum
545 1958 900 2017 definitione
946 1958 1163 2017 lineae:
1210 1977 1368 2030 cum,
1411 1955 1671 2034 exempli
1700 1955 1918 2033 gratia,

180 2055 355 2121 bases
423 2053 684 2112 duorum
749 2053 1319 2132 hemisphaeriorum
1378 2051 1515 2112 duae
1574 2060 1734 2124 sunt,
1794 2051 1920 2109 sive

181 2147 752 2226 hemisphaeriorum
798 2147 1045 2206 illorum
1091 2148 1351 2207 alterum
1398 2146 1477 2206 sit
1522 2145 1686 2224 apud
1735 2144 1922 2204 Indos

185 2242 546 2315 OrientaleS,
581 2241 844 2300 alterum
874 2241 1037 2320 apud
1068 2241 1519 2313 OccidentaIeS,
1542 2241 1666 2300 sive
1697 2259 1760 2298 se
1790 2259 1925 2297 mu-

185 2346 294 2397 tuo
324 2337 708 2415 contingant.
797 2335 1105 2396 Dividitur
1151 2355 1297 2413 ergo
1344 2356 1467 2394 una
1506 2355 1647 2393 oum
1687 2333 1928 2412 sphaera

188 2430 374 2490 etiam
417 2431 716 2490 maximus
762 2431 890 2508 ejus
935 2430 1216 2502 circuluS‚
1248 2429 1313 2488 id
1354 2439 1466 2500 est,
1497 2429 1789 2488 dividitur
1833 2447 1926 2486 se-

191 2524 458 2583 eundum
487 2524 991 2602 profunditatem.
1082 2523 1393 2583 Profunda
1422 2543 1581 2602 ergov
1599 2534 1694 2583 est
1723 2541 1926 2601 super-

190 2618 358 2678 ficies
389 2639 526 2697 quae
546 2619 707 2678 basis
738 2629 831 2679 est
859 2618 1293 2697 hemisphaerii.

911 2833 1231 2840 -—---—-—

903 2984 1077 3044 CAP.
1108 2986 1214 3044 VI.

583 3126 671 3166 DE
707 3125 1148 3169 SUPERFICIEI
1182 3128 1548 3170 TERMINIS.

204 3233 428 3292 DEFIN
441 3249 583 3290 1'r10
634 3239 824 3303 sexta,
855 3234 1212 3313 superficiei
1262 3235 1511 3294 termini
1555 3243 1695 3294 sunt
1740 3234 1930 3302 lineae,

201 3327 442 3406 probat,
467 3325 658 3384 divisa
688 3327 1026 3403 superficie,
1048 3328 1200 3388 duos
1231 3331 1360 3408 ejus
1392 3330 1702 3400 terminOS,
1727 3327 1789 3385 id
1819 3335 1931 3397 est,

205 3420 356 3479 duas
384 3419 575 3478 lineas
607 3438 733 3477 esse
765 3429 1065 3480 extremas
1096 3423 1412 3502 utriusque
1441 3424 1668 3502 partis:
1715 3430 1792 3493 et,
1824 3439 1933 3497 per

206 3533 598 3591 consequens,
644 3513 862 3571 lineam
911 3513 1098 3575 dividi
1147 3537 1323 3595 posse
1367 3518 1646 3577 bifariam
1690 3515 1765 3574 ab
1809 3534 1930 3573 uno

207 3609 337 3685 ejus
367 3616 640 3666 extremo
673 3605 751 3665 ad
781 3605 1057 3666 alterum.
