2462 4120
539 373 660 425 410
775 385 863 425 DE
897 385 1280 427 PRINCIPIIS
1319 387 1398 427 ET
1431 387 2026 429 RATIOCINATIONE

1250 654 1422 714 CAP.
1466 654 1547 715 X.

539 792 627 833 DE
677 793 1049 836 PETITIONE
1098 795 1320 837 PRIMA
1365 797 1722 839 ELEMENTI
1769 798 1994 854 PRIMI,
2040 799 2124 839 ΕΤ
2165 799 2254 840 DE

965 890 1427 932 DEFINITIONE
1472 892 1757 932 DECIMA.

249 1023 361 1054 CAP.
387 1023 436 1054 x.
534 994 814 1054 ΡΕΤΙΤΙΟ
859 996 1093 1074 prima:
1161 997 1242 1056 Ut
1279 1018 1318 1055 a
1355 996 1564 1077 quovis
1598 1006 1832 1077 puncto
1855 998 1966 1057 ·ad
2002 998 2257 1078 quodvis

183 1079 463 1177 „W
521 1098 817 1169 punctum
845 1099 1075 1149 rectam
1105 1090 1328 1150 lineam
1357 1091 1580 1150 ducere
1607 1092 1989 1152 concedatur.

178 1197 296 1285 ξζζζζξ
318 1185 512 1274 {20¹3ssss-
618 1184 681 1242 Si
706 1185 1075 1243 concedatur
1103 1186 1325 1244 lineam
1347 1186 1569 1244 habere
1592 1186 1977 1245 latitudinem
1994 1187 2258 1264 aliquam

178 1267 343 1328 finitio'ue
362 1294 511 1329 decima·
531 1278 850 1351 visibilem,
897 1299 1070 1356 aequa
1117 1291 1241 1337 est:
1293 1300 1434 1338 nam
1484 1300 1521 1338 a
1567 1289 1796 1356 puncto
1843 1280 1922 1338 ad
1962 1289 2256 1358 punctum

533 1373 779 1431 extendi
808 1382 1011 1450 potest
1042 1393 1116 1431 ex
1145 1373 1269 1431 lino
1299 1374 1488 1432 filum.
1563 1374 1810 1451 Alioqui
1838 1374 2005 1433 factu
2031 1375 2257 1452 impos-

533 1466 704 1525 sibile
735 1478 827 1525 est
854 1491 866 1525 :
914 1478 974 1525 et
1005 1479 1328 1545 propterea
1359 1468 1573 1546 petitio
1603 1468 1811 1546 iniqua
1841 1477 1950 1528 est.

616 1560 738 1619 Sed
783 1561 886 1619 illa
919 1561 1188 1620 Euclidis
1217 1575 1423 1635 γραμμὴ,
1455 1563 1568 1622 etsi
1598 1562 1986 1621 latitudinem
2013 1562 2256 1634 habeat,

529 1654 671 1713 duci
699 1674 823 1713 non
852 1664 1056 1733 potest
1084 1655 1201 1714 nisi
1229 1655 1293 1714 in
1322 1655 1524 1733 plano,
1611 1657 1864 1715 Planum
1904 1665 2110 1716 autem
2152 1656 2258 1715 de-

530 1749 712 1808 scribi
768 1769 893 1808 non
950 1758 1151 1827 potest
1209 1750 1338 1809 sine
1395 1770 1510 1829 ope
1568 1759 1752 1810 rectae
1794 1750 2007 1810 lineae:
2060 1750 2147 1809 ita
2186 1759 2257 1809 ut

528 1863 726 1921 neque
771 1853 939 1903 recta
980 1845 1270 1917 Euclidis,
1301 1864 1500 1923 neque
1548 1845 1896 1923 superficies
1924 1844 2124 1924 plana,
2155 1864 2256 1904 ac-

530 1947 738 1997 curate
770 1938 1027 1997 describi
1059 1939 1267 2018 possit.
1358 1940 1526 2017 Opus
1558 1949 1649 1998 est
1683 1939 2100 1999 instrumentis
2129 1958 2256 1998 me·-

519 2032 818 2104 -chanicis,
851 2033 1052 2111 qualia
1097 2043 1238 2092 sunt
1289 2034 1501 2112 regula
1540 2042 1600 2092 et
1633 2053 1866 2106 norma,
1896 2033 1959 2092 id
1989 2042 2099 2106 est,
2130 2053 2257 2092 non

529 2136 831 2185 accurate.
894 2127 1159 2205 AEquum
1188 2137 1392 2186 tamen
1417 2147 1547 2187 esse
1576 2128 1792 2200 fateor,
1812 2135 1882 2187 ut
1910 2127 1974 2186 in
1997 2127 2255 2206 opificiis

526 2220 806 2279 humanis
835 2241 946 2298 pro
978 2232 1262 2281 accurato
1302 2222 1614 2289 habeatur,
1647 2220 1811 2299 quod
1848 2230 2135 2280 accurato
2166 2230 2258 2280 est

526 2315 890 2392 proximum.
979 2315 1100 2375 Sed
1130 2316 1291 2393 quod
1321 2316 1512 2374 lineas
1541 2316 1964 2394 hyperbolicas
1994 2325 2056 2374 et
2085 2315 2256 2393 ellip-

522 2409 678 2468 tinas
725 2409 866 2468 duci
908 2430 1085 2488 posse
1128 2411 1478 2469 Euclidistae
1521 2430 1646 2468 nou
1688 2409 2046 2480 concedant,
2089 2409 2255 2485 (cum

526 2505 753 2564 certius
796 2505 1108 2584 aliquanto
1150 2506 1375 2584 ellipsis
1405 2514 1466 2564 et
1494 2504 1824 2583 hyperbole
1856 2523 1968 2581 ope
1997 2502 2084 2561 fili
2115 2502 2255 2560 duci

525 2607 726 2678 potest
756 2619 938 2677 quam
986 2599 1146 2658 linea
1190 2607 1359 2658 recta
1389 2618 1503 2676 ope
1533 2597 1811 2676 regulae),
1843 2597 2117 2675 iniquum
2143 2605 2252 2655 est.

527 2694 742 2772 Itaque
802 2693 1092 2771 quamdiu
1133 2702 1463 2771 geometrae
1506 2692 1695 2751 lineas
1739 2692 1849 2750 has
1895 2691 2034 2750 duci
2076 2709 2254 2768 posse

526 2796 774 2866 negant,
798 2788 1032 2847 tamdiu
1060 2788 1272 2867 petitio
1302 2788 1430 2846 haec
1459 2787 1668 2864 iniqua
1698 2794 1814 2845 est:
1842 2794 1903 2844 et
1931 2794 2256 2863 propterea

528 2883 710 2941 etiam
741 2882 1006 2941 secunda
1034 2883 1246 2941 haberi
1277 2881 1460 2940 debet
1488 2901 1600 2959 pro
1631 2881 1858 2957 iniqua.

610 2975 1010 3036 Definitiones
1067 2976 1367 3034 Elementi
1427 2974 1676 3033 secundi
1725 2973 1932 3033 faciles
1985 2981 2146 3044 sunt,
2193 2980 2255 3031 et

525 3080 778 3149 propter
830 3090 964 3129 eam
1016 3090 1260 3129 causam
1289 3069 1439 3129 vitio
1492 3078 1719 3129 carent.
1808 3068 1978 3128 Idem
2009 3067 2146 3126 dico
2178 3065 2254 3126 de

527 3165 979 3224 definitionibus
1009 3164 1308 3223 Elementi
1340 3165 1507 3223 tertii
1536 3164 1662 3223 fere
1694 3163 1992 3223 omnibuS.
2081 3159 2250 3233 Fere,

524 3261 773 3339 inquam
800 3283 813 3318 :
858 3258 1195 3318 notandum
1225 3259 1387 3318 enim
1417 3268 1526 3332 est,
1559 3257 1723 3336 quod
1752 3258 1816 3316 in
1846 3254 2113 3315 secunda
2151 3253 2253 3313 de-

525 3355 800 3414 finitione
829 3353 1020 3412 Elem.
1044 3353 1128 3425 iii,
1163 3353 1375 3412 definit
1398 3360 1680 3433 tangere,
1711 3371 1819 3430 per
1843 3358 2109 3430 tangere
2137 3367 2252 3407 nec

525 3468 770 3508 secare:
802 3448 1101 3507 incertum
1130 3448 1474 3525 relinquens
1505 3467 1581 3506 an
1604 3455 1903 3525 punctum
1929 3450 2250 3503 contactus

525 3543 988 3622 intelligendum
1011 3542 1089 3601 sit
1116 3541 1180 3601 in
1202 3562 1325 3602 una
1345 3552 1585 3602 tantum
1615 3541 1913 3600 linearum
1938 3536 2252 3614 contigua-

525 3658 681 3712 rum,
726 3658 802 3698 an
848 3637 912 3696 in
958 3645 1232 3715 utraque,
1277 3657 1355 3696 an
1405 3637 1568 3695 inter
1616 3644 1957 3711 utramque.
2043 3631 2251 3690 Potest
