2462 4120
838 363 924 402 DE
960 362 1241 404 NATURA
1274 363 1498 405 AEms.
1911 355 2023 408 261

381 498 461 558 B.
510 499 629 559 Sed
668 500 972 579 quomodo
1020 511 1275 578 possunt
1314 501 1470 560 ictus
1521 502 1607 562 illi
1657 505 1800 564 satis
1843 505 2032 566 fortes

295 613 425 652 esse
465 594 542 652 ad
589 615 789 654 aerem
833 595 1276 665 incutiendum,
1309 615 1446 654 cum
1486 606 1692 656 suctor
1723 599 1860 658 talis
1903 620 2032 660 esse

294 687 513 747 debeat
547 697 617 747 ut
645 698 920 748 ventrem
953 690 1320 748 anteriorem
1352 690 1671 767 adaequate
1703 693 1952 771 impleat
1978 694 1998 753 ?

376 782 456 841 A.
504 783 614 842 Est
658 783 722 842 in
773 794 1016 843 suctore
1065 784 1218 862 ipso,
1248 793 1319 843 ut
1357 784 1538 855 nosti,
1577 785 1853 845 foramen
1891 808 2032 847 cum

290 876 549 950 valvula,
603 898 740 958 quae
786 879 1044 948 valvula,
1093 879 1239 938 dum
1290 878 1626 937 retrahitur
1675 891 1899 954 suctor,
1954 883 2030 942 ab

289 990 429 1030 aere
478 981 731 1033 externo
773 973 951 1033 facile
991 974 1283 1052 aperitur.
1371 973 1456 1031 At
1498 972 1644 1031 dum
1675 973 2029 1052 impellitur,

289 1066 561 1145 aperitur
589 1068 693 1127 illa
723 1069 964 1128 valvula
994 1089 1129 1147 quae
1160 1077 1251 1128 est
1280 1067 1343 1126 in
1371 1067 1681 1126 ventrium
1712 1070 2031 1129 amborum

290 1163 707 1223 commissura.

377 1257 457 1317 B.
504 1258 759 1319 Memini
807 1259 895 1318 ita
942 1278 1090 1317 esse.
1179 1257 1311 1316 Nec
1355 1256 1567 1316 dubito
1601 1256 1747 1335 quin
1779 1258 2031 1318 effectus

288 1351 450 1412 illius
479 1372 686 1412 veram
709 1354 1074 1431 unicamque
1104 1373 1349 1412 causam
1380 1351 1720 1423 reddidisti,
1747 1352 2032 1411 eandem-

261 1460 407 1525 ·que
440 1467 575 1525 quae
607 1448 911 1507 mirabiles
944 1448 1079 1507 illos
1103 1448 1166 1506 in
1198 1446 1482 1506 machina
1505 1456 1718 1505 nostra
1741 1447 2033 1506 excitavit

290 1553 492 1601 motus
522 1543 696 1602 aeris,
787 1544 988 1604 Quam
1034 1553 1240 1602 autem
1287 1542 1446 1600 illius
1493 1542 1745 1600 effectus
1785 1561 2032 1601 causam

290 1638 484 1696 nostri
528 1638 793 1697 reddunt
823 1639 918 1697 vel
958 1638 1260 1697 reddituri
1309 1646 1450 1705 sunt
1503 1637 1730 1696 nesci0.
1823 1637 2032 1697 Redeo

290 1751 497 1792 rursus
534 1733 613 1792 ad
653 1735 1069 1812 experimenta
1115 1733 1415 1792 machinae
1454 1742 1701 1791 nostrae.
1789 1732 2036 1810 Appen-

292 1826 448 1886 dunt
476 1828 539 1886 in
570 1829 806 1888 bilance
844 1829 920 1888 ad
962 1850 1151 1887 unum
1200 1829 1370 1887 librae
1418 1827 1736 1887 brachium
1769 1826 2035 1885 vesicam

290 1922 565 1982 inflatam
590 1949 603 1991 ;
649 1923 726 1983 ad
759 1924 1039 1995 alterum,
1072 1923 1305 2002 plumbi
1335 1932 1576 1982 tantum
1606 1932 1676 1981 ut
1705 1923 1813 1981 fiat
1844 1921 2034 2000 aequi-

290 2016 573 2076 librium:
620 2029 682 2078 et
719 2019 1051 2078 demittunt
1082 2019 1145 2077 in
1186 2018 1487 2096 recipiens
1525 2017 1610 2076 ita
1650 2026 1722 2075 ut
1767 2015 2035 2094 pendeat

293 2111 368 2170 ab
399 2114 704 2191 opercu10.
792 2114 1070 2173 Vidimus
1110 2123 1335 2185 autem,
1386 2121 1606 2171 exucto
1664 2132 1822 2184 aere,
1873 2131 2031 2190 prae-

291 2206 630 2282 ponderare
661 2208 944 2268 vesicam.
1033 2208 1415 2267 Ponderatur
1450 2226 1596 2285 ergo
1646 2226 1752 2264 aer
1801 2206 1865 2264 in
1895 2205 2031 2264 loco

292 2318 504 2375 vacuO,
530 2312 591 2361 et
621 2322 730 2380 per
760 2323 1136 2382 consequens
1164 2324 1200 2362 a
1220 2301 1792 2381 praeponderatione
1814 2300 2034 2359 vesicae

296 2396 667 2456 concludunt
696 2398 1060 2476 gravitatem
1107 2399 1235 2477 ejus
1278 2394 1409 2456 esse
1457 2396 1743 2475 aliquam.
1830 2395 2032 2454 Etiam

296 2500 521 2567 quanta
550 2491 652 2551 illa
681 2503 790 2566 est,
823 2493 1209 2572 aliquatenus
1241 2492 1612 2569 intelligunt.

380 2584 460 2643 A.
507 2585 690 2647 Quod
719 2587 963 2666 quidem
994 2588 1154 2660 lanx,
1186 2587 1248 2645 in
1292 2607 1412 2665 qua
1450 2597 1542 2644 est
1579 2585 1795 2657 vesica,
1839 2584 2032 2663 magis

299 2676 656 2756 deprimitur
695 2702 875 2760 quam
916 2682 1125 2755 altera,
1170 2682 1320 2741 certi
1364 2701 1493 2740 esse
1529 2691 1807 2759 possunt,
1842 2679 2031 2738 oculis

301 2772 572 2833 testibus
661 2777 840 2837 Quod
872 2787 1077 2836 autem
1107 2777 1169 2836 id
1200 2798 1235 2836 a
1257 2777 1559 2856 gravitate
1585 2775 1742 2833 aeris
1768 2773 2033 2833 naturali

302 2866 540 2939 accidi-t,
574 2871 725 2929 certi
763 2892 891 2931 esse
926 2893 1048 2931 non
1095 2882 1386 2950 possunt3
1432 2870 1772 2950 praesertim
1815 2869 1865 2927 si
1896 2887 2032 2946 quae

303 2960 383 3018 sit
427 2963 740 3039 gravitatis
789 2986 970 3025 causa
1021 2967 1306 3039 efficiens,
1359 2966 1658 3024 nesciunt.
1771 2964 2032 3023 Causam

302 3064 505 3113 autem
535 3058 850 3134 gravitatis
881 3081 1205 3138 quamnam
1235 3061 1549 3139 assignant
1577 3058 1596 3118 ἓ

388 3147 467 3206 B.
514 3149 757 3210 Nullam
787 3153 1002 3225 adhuc,
1034 3156 1141 3215 sed
1177 3176 1288 3235 per
1318 3155 1801 3235 experimentum
1833 3153 2032 3230 ipsum

302 3240 464 3300 illam
501 3234 796 3320 quaerunt.
886 3247 1190 3308 Quoniam
1235 3261 1443 3310 autem
1473 3250 1695 3320 vesica,
1740 3247 1854 3306 etsi
1906 3266 2032 3304 non

301 3337 747 3414 praeponderat,
806 3343 1131 3419 propendit
1201 3353 1426 3417 tamen,
1481 3342 1733 3402 ostende
1780 3350 2033 3419 propter

303 3449 484 3507 quam
515 3451 755 3491 causam
784 3437 1126 3513 propendit.

384 3523 460 3582 A.
509 3525 691 3585 Quod
751 3529 966 3603 vesica,
1035 3532 1158 3591 sive
1214 3533 1458 3591 follibus
1517 3531 1641 3590 sive
1701 3530 1850 3587 flatu
1910 3526 2031 3584 oris

303 3618 567 3678 distenta
611 3620 708 3693 sit,
756 3623 998 3699 gravior
1047 3626 1124 3686 sit
1165 3647 1344 3705 quam
1400 3625 1611 3684 eadem
1661 3623 1861 3682 vesica
1908 3640 2030 3679 non
