2462 4120
560 340 683 393 258
1097 355 1185 396 DE
1221 355 1502 398 NATURA
1533 356 1759 398 AEmS.

562 488 882 548 demissam
927 491 989 550 in
1035 493 1351 572 recipiens,
1388 504 1527 573 post
1570 494 1827 554 suctoris
1871 492 2104 571 aliquot
2133 491 2286 550 reci-

560 584 943 662 procationes
993 586 1080 646 ita
1118 588 1352 661 bullire,
1395 607 1466 647 ac
1516 588 1568 647 si
1618 586 1930 666 supposito
1982 586 2123 664 igne
2167 584 2288 644 fer-

561 685 849 737 vesceret.

648 772 727 831 A.
774 772 845 831 Id
875 793 1112 852 quoque
1156 773 1380 833 accidit
1416 780 1667 851 propter
1697 773 2082 832 velocitatem
2110 769 2287 842 aeriS‚

561 874 632 924 ut
690 866 920 925 dictum
980 878 1091 940 est,
1145 869 1208 926 in
1259 867 1587 944 recipiente
1640 866 2110 934 circumeuntis3
2169 864 2289 922 nisi

561 958 719 1019 forte
772 981 993 1040 aquam
1039 962 1223 1034 illam,
1284 961 1429 1019 dum
1484 959 1680 1030 bullit,
1740 960 1995 1019 calidam
2047 977 2287 1037 quoque

563 1072 690 1112 esse
742 1054 1229 1133 deprehendatis,
1317 1054 1477 1112 Nam
1526 1053 1576 1110 si
1626 1053 1776 1110 certi
1815 1072 2078 1112 essemus
2120 1053 2287 1111 illam

561 1147 696 1226 plus
729 1149 1048 1221 calescere,
1080 1149 1198 1208 alia
1239 1167 1420 1206 causa
1462 1146 1846 1224 phaenomeni
1885 1145 2289 1223 excogitanda

563 1250 736 1302 esset.

645 1335 721 1396 B.
768 1337 917 1409 Im0,
951 1335 1101 1396 certi
1133 1353 1338 1393 sumus
1369 1333 1532 1412 quod
1555 1354 1677 1393 non
1706 1333 1841 1411 plus
1877 1332 2123 1392 calescit
2152 1351 2288 1391 sen-

563 1429 835 1489 Sibiliter.

647 1524 727 1583 A.
762 1523 927 1584 Quid
940 1542 1083 1601 ergo
1096 1522 1204 1581 tali
1223 1541 1397 1600 aquae
1417 1520 1607 1580 motui
1619 1520 1896 1579 conferre
1913 1539 2091 1598 posse
2109 1530 2288 1599 putas

561 1619 854 1696 majorem
883 1618 978 1676 vel
1009 1617 1307 1675 minorem
1345 1614 1766 1692 atmosphaerae
1796 1613 2203 1692 gravitatem?

648 1711 728 1770 B.
774 1712 985 1789 Neque
1015 1710 1184 1769 illum
1213 1720 1450 1768 motum
1479 1708 1839 1781 attribuunt,
1862 1717 2034 1787 put0,
2065 1716 2289 1768 atmos-

606 1806 801 1864 haerae.

560 1825 600 1884 p
645 1899 724 1958 A.
771 1898 867 1956 Ab
911 1897 1027 1956 hoc
1074 1897 1490 1975 experimento
1542 1895 1928 1955 manifestum
1975 1903 2085 1968 est,
2123 1894 2288 1973 quod

559 1993 856 2071 recipiens
879 2011 987 2070 per
1018 1990 1399 2049 exuctionem
1429 1990 1607 2061 hanc,
1633 2009 1815 2067 quam
1843 1990 2071 2048 vocatis
2110 1990 2284 2061 aeriS,

561 2108 685 2147 non
709 2089 780 2146 fit
808 2107 1086 2146 vacuum.
1153 2086 1314 2144 Nam
1343 2085 1574 2143 moveri
1599 2103 1758 2162 aqua
1786 2102 1911 2142 non
1940 2083 2141 2161 potuit
2169 2083 2287 2142 nisi

562 2202 598 2240 a
626 2190 909 2240 movente
940 2181 1141 2259 aliquo
1172 2190 1339 2238 moto
1383 2187 1444 2238 et
1484 2179 1789 2256 contiguO.
1877 2178 2092 2256 Itaque
2119 2178 2287 2256 phae-

559 2294 886 2333 nomenum
915 2275 1033 2333 hoc
1065 2273 1645 2332 demonstrationem
1677 2271 2105 2350 suppositionis
2136 2291 2287 2330 meae

561 2369 873 2428 continere
930 2368 1173 2428 videtur
1226 2387 1348 2426 non
1399 2367 1722 2425 infirmam.
1819 2366 2140 2438 Praeterea,
2187 2365 2287 2424 dic

559 2463 727 2535 mihi,
758 2463 1112 2522 bullientem
1148 2482 1369 2541 aquam
1396 2460 1707 2540 potuistin'
1742 2459 2093 2538 conspicere
2120 2458 2140 2518 ἓ

646 2557 727 2616 Β.
775 2558 940 2618 Quid
968 2557 1072 2616 ni?

644 2651 724 2710 A.
771 2651 990 2711 Nonne
1029 2651 1324 2710 visionem
1359 2649 1493 2708 fieri
1538 2646 1882 2707 concedunt
1921 2647 2125 2718 vestri,
2177 2666 2287 2725 per

558 2745 863 2804 actionem
886 2746 1237 2805 continuam
1267 2745 1342 2803 ab
1366 2743 1604 2821 objecto
1636 2741 1714 2800 ad
1736 2740 2019 2800 oculum?
2065 2741 2287 2800 Nonne

559 2843 745 2902 etiam
800 2852 1018 2922 putant
1074 2843 1403 2914 actionem„
1435 2859 1677 2899 omnem
1735 2858 1863 2897 esse
1920 2846 2172 2911 motum,
2225 2847 2287 2898 et

559 2957 802 2996 omnem
858 2947 1094 2995 motum
1153 2956 1283 2996 6556
1356 2933 1624 3012 corporis
1651 2932 1670 2991 ἓ
1759 2932 2081 2992 Quomodo
2138 2951 2285 3010 ergo

556 3031 758 3110 potuit
808 3030 883 3089 ab
935 3031 1197 3116 objecto,
1246 3047 1464 3107 nempe
1514 3047 1691 3106 aqua,
1749 3026 1828 3086 ad
1885 3026 2092 3086 oculos
2147 3035 2286 3085 tuos

557 3134 759 3185 motus
789 3145 898 3203 per
919 3145 1198 3197 vacuum,
1222 3123 1286 3182 id
1317 3132 1408 3182 est
1436 3142 1545 3201 per
1569 3141 1719 3180 non·
1696 3140 1962 3200 -corpuS,
1983 3117 2280 3179 derivari.
2265 3135 2284 3161 ν·

642 3219 721 3278 Β.
767 3219 909 3277 Non
950 3218 1253 3276 affirmant
1297 3215 1492 3276 nostri
1529 3215 1617 3274 ita
1643 3235 1902 3274 vacuum
1954 3233 2084 3273 esse
2128 3212 2284 3272 reci—

557 3313 748 3392 piens,
781 3320 850 3370 ut
877 3311 1079 3369 nullus
1111 3311 1359 3370 omnino
1392 3329 1496 3369 aer
1524 3309 1772 3368 relictus
1803 3308 1899 3368 sit.

639 3405 715 3466 A.
761 3406 866 3465 Nil
894 3404 1081 3463 refert
1109 3425 1188 3463 an
1217 3414 1416 3464 totum
1446 3403 1744 3482 recipiens
1772 3422 2034 3462 vacuum
2076 3401 2173 3474 sit,
2204 3419 2284 3460 an

559 3521 779 3580 magna.
836 3501 964 3578 ejus
1023 3519 1181 3578 parS.
1293 3499 1454 3558 Nam
1523 3497 1820 3556 utrumvis
1887 3503 2279 3575 supponatur,

557 3595 852 3656 derivatio
877 3603 1078 3654 motus
1101 3594 1174 3653 ab
1199 3593 1438 3671 objecto
1463 3592 1542 3652 ad
1571 3592 1814 3652 oculum
1841 3589 2279 3670 intercipietur.
