2462 4120
304 342 429 396 302
1106 355 1197 396 AD
1234 353 1495 395 REGEM.

387 516 709 588 Praeterea,
766 515 921 574 nihil
973 516 1187 595 scripsi
1246 525 1461 576 contra
1518 515 1958 594 episcopatum,
2009 532 2208 591 neque

304 650 519 701 contra
543 639 896 720 episcopum
918 662 1281 721 quemquam
1298 649 1762 720 protestantem.
1841 640 2042 701 Quam
2060 659 2208 718 ergo

305 786 552 826 causam
580 765 804 825 habeat
833 767 1253 845 episcoporum
1282 776 1635 826 nostrorum
1658 766 1973 845 quisquam
2006 764 2082 824 de
2111 784 2210 824 me

305 890 597 970 loquendi
639 900 933 969 tanquam
984 892 1059 951 de
1106 892 1326 964 Atheo,
1373 891 1553 969 plane
1598 890 1825 950 nesci0.
1914 889 2212 950 Nonnulli

306 1023 514 1074 tamen
544 1033 774 1086 eorum,
806 1023 875 1074 ut
907 1014 1108 1087 audio,
1140 1014 1204 1073 id
1233 1014 1467 1073 faciunt
1494 1037 1508 1071 z
1553 1022 1736 1092 atque
1767 1014 1950 1074 etiam
1977 1014 2144 1073 illam
2173 1033 2212 1072 a

307 1139 632 1200 clementia
654 1154 761 1199 tua
782 1140 1120 1218 profectam
1140 1138 1540 1211 Amnestiam,
1557 1158 1677 1216 qua
1698 1147 1761 1197 et
1788 1138 1906 1216 ipsi
1927 1138 2021 1197 usi
2044 1147 2207 1211 sunt,

307 1263 459 1322 mihi
508 1263 871 1336 invidenteS‚
916 1264 1075 1323 illius
1126 1263 1266 1322 libri
1316 1261 1672 1320 memoriam
1724 1281 1864 1320 cum
1915 1260 2214 1320 dedecore

308 1407 465 1460 mec,
496 1387 562 1446 in
592 1387 885 1447 concione
915 1388 1102 1447 etiam
1125 1407 1330 1446 coram
1354 1396 1415 1445 te
1445 1386 1598 1464 ipsc,
1624 1394 1839 1445 contra
1856 1383 2218 1445 charitatem

311 1510 721 1570 Christianam
743 1510 1052 1570 refricant.

396 1636 705 1696 Quoniam
761 1646 966 1696 autem
1023 1637 1327 1715 plerisque
1386 1657 1598 1696 eorum
1657 1637 1967 1716 displicuit
2033 1637 2218 1696 etiam

309 1763 463 1822 liber
493 1783 663 1822 meus
697 1781 785 1822 DE
834 1782 1019 1835 CIVE‚
1050 1764 1113 1823 in
1145 1784 1265 1843 quo
1296 1763 1586 1843 dogmata
1630 1764 1734 1823 illa
1779 1764 1996 1843 quibus
2029 1765 2218 1824 offen-

312 1889 542 1949 duntur
576 1908 701 1947 non
746 1897 1065 1967 apparent,
1101 1888 1235 1947 fieri
1272 1897 1477 1967 potest
1518 1897 1590 1948 ut
1630 1907 1792 1966 aegre
1820 1887 2024 1947 ferant
2055 1885 2219 1965 quod

311 2014 603 2074 Ecclesiae
633 2014 1067 2075 authoritatem
1095 2013 1438 2092 dependere
1467 2013 1688 2073 faciam
1727 2035 1764 2074 a
1791 2023 2095 2093 potestate
2125 2034 2215 2073 re-

311 2139 439 2219 gia:
471 2139 534 2198 id
554 2139 719 2218 quod
742 2140 926 2199 credo
946 2160 1070 2199 non
1089 2140 1394 2200 videbitur
1412 2141 1535 2218 Maj
1544 2141 1725 2200 estati
1746 2150 1867 2200 tuae
1886 2140 2220 2213 atheismus

310 2284 511 2344 neque
557 2264 827 2338 haeresia,
861 2285 1000 2324 cum
1045 2265 1317 2325 Ecclesia
1362 2265 1704 2344 Anglicana
1748 2265 1901 2324 nihil
1946 2264 2114 2324 aliud
2142 2265 2222 2325 sit

314 2411 498 2469 quam
525 2390 786 2470 populus
811 2399 972 2451 tuus,

400 2520 437 2547 “
465 2515 586 2576 Sed
611 2515 758 2594 quid
787 2517 911 2588 tu⁷'‚
938 2515 1184 2594 objiciet
1214 2515 1451 2593 aliquiS‚
1478 2518 1512 2544 “
1540 2514 1788 2574 omnino
1810 2514 1943 2574 haec
1975 2522 2222 2584 tractaS,

315 2662 455 2702 cum
478 2641 692 2722 religio
718 2662 840 2700 non
870 2640 1271 2720 philosophiae
1299 2659 1440 2718 pars
1471 2640 1567 2713 sit,
1600 2640 1706 2700 sed
1735 2640 1885 2718 legis
1911 2639 1969 2698 ?'’

399 2771 590 2829 Recte
614 2767 859 2848 quidem
889 2767 1026 2840 hoc,
1059 2766 1357 2844 siquidem
1377 2767 1481 2844 qui
1512 2766 1598 2826 sic
1629 2766 1945 2844 objiciunt,
1970 2766 2057 2825 sic
2087 2785 2224 2825 sen-

315 2896 522 2957 tirent.
611 2894 732 2955 Sed
781 2914 918 2953 mea
961 2893 1095 2952 haec
1145 2893 1248 2952 illo
1296 2902 1570 2971 tempore
1621 2893 2062 2966 scribebantur,
2104 2912 2224 2971 quo

317 3021 598 3098 Regnum
631 3019 856 3078 Christi
887 3018 1136 3095 summis
1156 3017 1485 3076 sceleribus
1510 3018 2027 3096 praetendebatur.
2074 3017 2224 3077 Jure

317 3164 463 3223 ergo
530 3143 902 3223 hypocrisim
969 3142 1402 3201 sceleratorum
1468 3142 1787 3202 hominum
1852 3143 2224 3222 indignatuS‚

321 3270 653 3348 Scripturae
686 3269 888 3328 Sacrae
918 3266 994 3326 de
1025 3267 1240 3345 Regno
1271 3267 1385 3326 Dei
1426 3268 1569 3347 quid
1611 3268 1886 3329 dicerent
1930 3278 2227 3348 quantum

317 3396 492 3476 potui
521 3393 897 3474 penitissime
929 3392 1185 3451 scrutari
1217 3393 1424 3452 statui.

400 3520 614 3579 Tantae
638 3518 826 3597 igitur
858 3516 1178 3577 calumniae
1214 3536 1395 3576 causa
1424 3517 1486 3576 in
1518 3516 1690 3575 libris
1725 3516 1874 3576 meis
1910 3515 2077 3575 nulla
2115 3526 2226 3574 est.
