2462 4120
589 371 665 423 34
947 382 1393 425 EXAMINATIO
1428 383 1514 425 ET
1545 383 1959 427 EMENDATIO

275 542 522 574 DIALOGUS
588 520 834 592 sionem,
878 540 987 579 seu
1022 521 1308 600 partium
1351 531 1537 582 extra
1570 531 1800 603 partes
1843 524 2315 604 positionem.—

388 610 419 640 Ῑ·
514 667 519 674 ,
592 613 761 679 Quot
791 635 998 674 rursus
1027 624 1168 675 sunt
1195 617 1295 675 hic
1331 617 1609 694 imperite
1650 617 1850 677 dicta!
1939 619 2161 691 Primo,
2205 638 2315 697 per

588 729 802 768 vocem
843 710 1007 768 illam
1057 711 1315 784 videtur,
1363 712 1596 770 nescire
1643 732 1705 771 se
1751 713 1953 771 innuit
2010 711 2312 790 quomodo

587 823 705 862 vox
725 803 1097 883 principium
1126 804 1204 863 sit
1231 804 1507 863 hocloco
1532 805 1946 883 intelligenda,
1973 825 2155 884 quam
2183 805 2314 883 ipse

587 898 703 956 hoc
749 898 883 957 loco
923 898 1165 976 posuit3
1211 898 1516 970 nimirum,
1555 898 1783 957 fatetur
1828 919 1891 958 se
1933 918 2057 958 non
2094 898 2315 957 intelli-

587 1012 733 1070 gere
763 1012 898 1070 quae
926 992 1055 1070 ipse
1086 992 1315 1051 scribit.
1404 991 1705 1064 Secunde,
1749 1012 1888 1051 cum
1927 1011 2004 1051 ex
2042 991 2313 1070 professo

586 1087 872 1164 loquatur
895 1086 970 1145 de
999 1086 1313 1164 principiis
1337 1086 1687 1164 geometriae
1718 1096 1780 1144 et
1809 1086 2226 1158 arithmeticae,
2250 1085 2314 1144 id

587 1191 700 1251 est,
733 1181 806 1239 de
836 1180 1150 1259 principiis
1182 1180 1594 1251 scientiarum,
1625 1179 1689 1238 id
1724 1189 1838 1251 est,
1887 1180 1962 1238 de
2003 1179 2315 1258 principiis

589 1274 998 1355 cognoscendi
1023 1301 1037 1343 ;
1082 1275 1383 1352 principia
1404 1283 1610 1333 tamen
1634 1275 1854 1351 quaerit
1878 1273 2316 1352 magnitudinis

589 1379 650 1429 et
698 1370 956 1428 numeri.
1042 1369 1267 1441 Tertio,
1318 1368 1685 1446 principium
1731 1366 2170 1445 magnitudinis
2214 1387 2317 1425 ex-

589 1464 919 1523 tensionem
938 1482 1065 1522 esse
1091 1462 1257 1535 dicit,
1280 1461 1344 1520 id
1367 1470 1458 1520 est
1480 1460 1923 1540 magnitudini-5⁶
1935 1459 2317 1540 principium

588 1578 718 1617 esse
750 1556 1248 1637 magnitudinem.
1324 1555 1489 1615 Quid
1519 1555 1681 1613 enim
1711 1554 1877 1613 aliud
1906 1562 1999 1613 est
2021 1553 2315 1626 extensiO,

586 1660 768 1731 prout
797 1651 847 1709 is
878 1671 950 1709 ea
977 1669 1126 1708 voce
1155 1649 1255 1707 hic
1290 1649 1549 1707 barbare
1585 1649 1798 1722 utitur,
1829 1658 2053 1726 praeter
2082 1647 2317 1726 magni-

587 1745 907 1806 tudinem?
995 1743 1306 1815 ExtensiO,
1348 1742 1590 1821 proprie
1636 1740 1961 1820 loquendO,
2014 1742 2174 1800 actio
2225 1750 2317 1800 est

587 1840 748 1899 illius
779 1839 881 1918 qui
911 1837 1140 1915 aliquid
1170 1857 1244 1896 ex
1275 1857 1460 1895 curvo
1483 1846 1721 1895 rectum
1748 1836 1916 1895 facit.
1983 1835 2092 1894 Ille
2114 1844 2319 1895 autem

578 1934 950 2014 positionem
974 1952 1102 1991 esse
1124 1931 1271 1990 dicit
1290 1932 1577 2011 partium
1599 1939 1781 1989 eattra
1796 1939 2040 2013 partes,
2089 1931 2319 1992 Quam-

590 2027 852 2088 obrem?
967 2026 1274 2085 Nimirum
1329 2035 1399 2084 ut
1446 2026 1611 2084 salva
1661 2026 1775 2085 sibi
1827 2025 1906 2085 sit
1956 2025 2160 2104 opinio
2211 2045 2321 2085 sua

594 2121 1037 2203 Apopatetiea,
1052 2120 1216 2198 quod
1234 2120 1395 2179 idem
1414 2120 1836 2199 magnitudine
1856 2139 2096 2198 corpuS,
2115 2119 2320 2180 locum

590 2216 774 2276 modo
806 2215 1119 2292 majorem,
1154 2213 1332 2272 modo
1363 2214 1658 2273 minorem
1689 2234 1988 2294 occupare
2017 2215 2228 2292 possit.

678 2310 757 2369 B.
806 2311 1132 2376 Fortasse3
1198 2328 1341 2367 nam
1390 2309 1454 2368 in
1504 2309 1772 2369 Ele-nolio
1825 2330 1934 2370 suo
1987 2308 2319 2383 Hobbium,

593 2405 698 2484 qui
727 2403 903 2462 aliter
933 2402 1138 2475 sentit,
1171 2411 1418 2462 strenue
1442 2403 1772 2482 vituperat.

674 2499 754 2558 A.
804 2498 1061 2569 QuartO,
1089 2517 1227 2556 cum
1253 2497 1504 2557 dixisset
1533 2508 1694 2571 ante,
1716 2498 2066 2577 opinionem
2088 2517 2318 2570 eorum,

593 2594 700 2672 qui
729 2590 1165 2670 magnitudinis
1194 2592 1562 2669 principium
1592 2593 1804 2652 dicunt
1847 2612 1977 2653 esse
2006 2601 2319 2671 punctum,

593 2709 717 2748 non
747 2687 1018 2765 ineptam
1050 2704 1199 2757 esse,
1241 2686 1412 2746 addit
1439 2708 1557 2746 non
1587 2687 1780 2746 minus
1810 2695 1982 2746 reete
2013 2686 2322 2746 diceretur

594 2791 708 2842 ete.
731 2804 754 2850 ‚·
802 2779 974 2859 quasi
1017 2788 1278 2857 utraque
1324 2790 1532 2859 posset
1579 2801 1710 2841 esse
1759 2801 1921 2840 vera.
2019 2780 2142 2840 Sed
2185 2800 2322 2858 per-

593 2873 1195 2956 gamus—Numeri
1250 2875 1632 2955 principium
1661 2875 1664 2877 ’
1691 2873 2040 2934 duceremus
2106 2873 2185 2933 ab
2248 2894 2323 2932 ea

593 2955 1059 3048 modificatione,
1121 2988 1237 3046 qua
1296 2968 1445 3046 quid
1488 2989 1667 3028 unum
1717 2967 1910 3027 multa
1962 2966 2324 3027 dicimu8.—

594 3066 814 3137 Primo,
847 3061 994 3141 quid
1024 3069 1114 3120 est
1141 3062 1292 3121 illud
1328 3063 1492 3141 quod
1535 3062 1803 3142 appellat
1844 3059 2047 3120 rerum
2090 3061 2323 3139 modifi-

595 3159 949 3219 cationem?
1021 3155 1148 3214 Aut
1191 3155 1340 3234 quid
1383 3156 1549 3216 aliud
1592 3155 1693 3216 hic
1745 3155 1894 3214 dicit
1931 3175 2114 3234 quam
2159 3154 2324 3234 quod

594 3273 693 3313 res
723 3252 811 3311 ita
834 3249 1282 3323 modificantur,
1309 3258 1378 3309 ut
1406 3270 1503 3309 res
1530 3271 1655 3310 una
1682 3250 1760 3310 sit
1789 3267 2000 3322 unum,
2031 3259 2094 3308 et
2115 3249 2323 3308 multae

595 3346 805 3406 multa.
895 3344 1220 3403 Accurate.
1303 3344 1560 3418 Deinde,
1606 3352 1804 3425 prout
1853 3343 1933 3402 ab
1989 3342 2324 3403 identitate

597 3440 796 3500 oritur
842 3436 1069 3510 unitas,
1113 3436 1207 3496 ita
1254 3445 1317 3496 et
1361 3458 1400 3496 a
1453 3458 1658 3497 rerum
1712 3437 2076 3498 diversitate
2125 3436 2327 3496 oritur

596 3552 894 3594 numerus,
969 3531 1185 3591 Docte.
1263 3531 1509 3591 Scilicet
1541 3532 1824 3591 idem'est
1860 3552 2057 3602 unum,
2084 3530 2326 3591 diversa

598 3627 806 3688 multa.
882 3625 1003 3686 Sed
1033 3645 1236 3687 nonne
1281 3634 1344 3684 et
1375 3625 1679 3686 diversum
1711 3634 1804 3686 est
1831 3645 2018 3686 unum
2045 3625 2065 3684 Ρ
2161 3623 2326 3686 Quid
