2462 4120
603 333 1124 378 MATHEMATICAE
1162 333 1565 374 HomERNAE.
1840 323 1959 375 223

314 476 639 536 Ostensum
691 474 854 533 enim
913 480 1023 544 est,
1078 470 1240 549 quod
1301 481 1580 529 centrum
1643 473 1962 549 gravitatis
2022 493 2270 526 mALoGns

233 570 598 630 semicirculi
643 569 893 628 ABCD
936 577 1029 626 est
1059 566 1121 624 in
1154 573 1322 624 recta
1352 565 1484 636 AC,
1518 586 1653 644 quae
1684 587 1720 625 a
1751 578 1963 625 centro

231 664 287 724 A
310 663 524 724 dividit
555 662 1004 722 semicirculum
1035 659 1277 719 ABCD
1308 658 1625 728 bifariam3
1659 660 1964 739 distatque

230 777 267 816 a
295 767 522 836 puncto
555 758 609 816 A
637 767 880 816 tantum
928 767 1159 834 quauta
1192 761 1284 812 θεῖ
1314 753 1451 825 ΑΟ,
1483 752 1547 811 id
1594 763 1706 824 est,
1739 764 1966 832 quanta

231 861 324 911 est
354 851 490 911 duae
522 852 927 931 quindecimae
957 859 1142 909 rectae
1180 849 1312 921 DF,
1362 848 1488 907 sive
1537 868 1715 906 arcus
1764 849 1962 908 BCD.

233 946 354 1006 Sed
381 947 446 1006 in
477 948 757 1007 omnibus
785 945 1179 1007 semicirculis
1201 952 1413 1003 centra
1435 943 1755 1022 gravitatis
1784 944 1966 1001 situm

230 1041 461 1102 habent
484 1043 760 1102 similem.
851 1043 1057 1103 Quare
1098 1049 1377 1099 centrum
1417 1038 1738 1117 gravitatis
1791 1038 1967 1096 semi-

232 1136 463 1209 circuli,
495 1141 668 1217 cujus
700 1138 998 1197 diameter
1039 1145 1130 1195 est
1158 1135 1292 1207 DF,
1347 1133 1533 1193 distat
1563 1154 1599 1192 a
1627 1141 1858 1211 puncto
1912 1133 1966 1190 D

228 1240 471 1292 tantum
515 1243 745 1312 quanta
789 1241 880 1292 θεῖ
928 1232 1065 1291 duae
1111 1229 1516 1308 quindecimae
1563 1246 1741 1286 arcus
1792 1227 1970 1285 semi-

231 1326 463 1398 circuli,
494 1329 666 1406 cujus
691 1328 988 1387 diameter
1009 1335 1101 1385 θεῖ
1122 1325 1178 1383 D
1195 1325 1259 1397 F,
1291 1323 1541 1401 aequalis
1572 1322 1740 1381 arcui
1772 1321 1966 1380 BCD.

231 1422 345 1481 Est
388 1430 593 1481 autem
645 1442 822 1481 arcus
864 1419 1247 1491 semicirculi,
1296 1419 1469 1496 cujus
1529 1417 1829 1476 diameter
1883 1426 1973 1475 est

234 1516 482 1595 aequalis
512 1517 682 1576 arcui
713 1516 910 1587 BCD,
932 1515 1180 1593 aequalis
1210 1514 1340 1592 (per
1358 1533 1532 1592 prop.
1566 1512 1673 1589 iir)
1704 1512 1973 1589 quinque

233 1611 590 1685 semiradiis,
621 1612 771 1670 ,sive
819 1610 1157 1690 quintuplae
1204 1609 1338 1668 ΒΟ.
1428 1608 1642 1686 Itaque
1694 1615 1975 1665 centrum

233 1706 552 1784 gravitatis
605 1706 792 1766 distat
841 1727 877 1765 a
925 1715 1136 1765 centro
1184 1704 1259 1776 D,
1310 1712 1552 1763 tantum
1596 1711 1830 1780 quanta
1882 1712 1975 1760 est

235 1799 372 1860 duae
401 1801 804 1880 quindecimae
830 1799 1166 1879 quintuplae
1199 1797 1340 1870 AB,
1372 1798 1436 1857 id
1467 1806 1578 1871 est,
1614 1797 1751 1856 duae
1774 1797 1975 1856 tertiae

234 1894 541 1955 semiradii
571 1894 715 1956 AB.
806 1895 989 1956 Quod
1015 1903 1147 1954 erat
1177 1891 1743 1952 demonstrandum.

323 1987 603 2049 Consect.
719 1990 882 2049 Dato
942 1997 1154 2048 centro
1208 1987 1527 2066 gravitatis
1587 1986 1974 2058 semicirculi,

236 2082 419 2143 datur
477 2104 720 2163 quoque
779 2093 1062 2144 centrum
1118 2083 1439 2161 gravitatis
1500 2081 1737 2141 dimidii
1804 2082 1933 2159 ejus
1961 2110 1974 2148 ;

235 2187 420 2257 atque
443 2179 628 2239 etiam
660 2179 986 2258 cujuslibet
1017 2179 1271 2239 sectoris
1326 2178 1431 2256 qui
1483 2179 1563 2238 sit
1611 2177 1978 2238 semicirculi

237 2274 573 2352 quotalibet
600 2295 764 2353 parS.

323 2368 404 2429 B.
449 2369 769 2442 Methodo,
793 2379 862 2430 ut
891 2370 1154 2442 videtur,
1188 2369 1402 2428 eadem
1433 2388 1553 2447 qua
1583 2377 1792 2428 centra
1836 2388 1976 2447 gra-

237 2462 440 2523 vitatis
475 2464 744 2543 partium
775 2465 1036 2544 cylindri
1071 2464 1221 2524 facti
1268 2485 1304 2523 a
1356 2463 1753 2522 conversione
1810 2462 1976 2540 plani

240 2556 359 2618 DG
390 2558 552 2618 circa
581 2559 695 2618 DF
724 2561 976 2619 inventa
999 2569 1160 2633 sunt,
1185 2559 1445 2618 inveniri
1489 2567 1744 2637 possunt
1791 2558 1976 2616 etiam

243 2662 453 2714 centra
495 2657 814 2733 gravitatis
857 2658 1125 2736 partium
1173 2656 1433 2735 cylindri
1477 2654 1626 2714 facti
1656 2675 1693 2713 a
1722 2674 1977 2713 conver-

244 2747 412 2807 sione
444 2750 715 2828 ejusdem
743 2752 910 2830 plani
941 2752 1061 2811 DG
1092 2751 1256 2810 circa
1285 2749 1430 2810 DB.
1520 2749 1688 2810 Quid
1728 2769 1873 2828 ergo
1906 2768 1977 2808 ea

245 2860 381 2920 quae
403 2852 635 2903 restant
662 2865 788 2905 non
815 2846 1238 2906 demonstras?

330 2935 412 2995 A.
457 2937 676 3012 Prim0‚
721 2941 864 3019 quia
899 2941 1033 3001 haec
1062 2951 1280 3020 parata
1308 2939 1530 3007 habui;
1581 2947 1804 2998 caetera
1825 2957 1976 2996 non-

247 3029 392 3089 dum
415 3033 857 3111 contemplatus
887 3055 1037 3095 sum.
1130 3034 1433 3107 SecundO,
1467 3033 1611 3112 quia
1633 3032 1749 3091 alia
1778 3033 1977 3110 figura

247 3123 647 3186 describenda
674 3137 848 3201 esset,
878 3130 942 3189 in
991 3150 1112 3209 qua
1157 3130 1592 3198 semicirculus,
1625 3130 1797 3206 cujus
1850 3127 1976 3185 dia-

247 3228 443 3278 meter
465 3230 556 3278 est
573 3220 697 3294 DF,
713 3232 870 3283 esset
894 3224 1347 3298 describendUS,
1361 3234 1424 3284 et
1444 3244 1569 3283 non
1585 3222 1975 3302 paucioribus

247 3312 421 3372 lineis
466 3333 647 3391 quam
692 3315 824 3375 haec
854 3327 1106 3379 onerata
1136 3329 1248 3393 est,
1299 3318 1653 3385 oneranda;
1698 3317 1761 3375 id
1815 3314 1978 3392 quod

249 3407 399 3466 mihi
429 3407 674 3486 quidem
706 3429 906 3488 operae
927 3414 1192 3491 pretium
1213 3434 1341 3475 esse
1361 3434 1485 3474 non
1506 3413 1767 3472 videtur.
1816 3411 1977 3469 Nam

317 3623 345 3651 *
366 3623 571 3672 Frustra
594 3634 837 3686 quaeretur
860 3629 911 3675 in
935 3636 1146 3678 tractatu
1170 3633 1260 3679 hoc
1284 3631 1552 3694 propositio
1580 3645 1726 3690 supra
1749 3629 1908 3674 citata.

2122 561 2189 592 VI.

2031 616 2270 645 h-qf-ae
