2462 4120
524 339 644 394 280
1049 353 1137 394 DE
1171 352 1451 395 NATURA
1482 353 1705 396 Annis,

522 491 815 568 maj0rem
845 508 1139 569 occupare
1167 491 1369 551 locum
1400 491 1564 563 dicas
1594 511 1772 571 quam
1798 510 1955 569 aqua
1978 490 2131 563 sola,
2153 490 2240 550 nil

523 583 742 642 mirum
763 582 931 643 dicis.

606 675 683 736 B.
728 676 899 750 Dico,
953 697 1170 755 aquam
1223 676 1477 736 eandem
1532 697 1787 737 numero
1845 677 1909 736 in
1966 675 2240 755 cylindro

522 771 716 830 vitreo
746 770 925 830 altius
956 770 1296 831 ascendisse
1326 771 1708 850 congelatam
1739 791 1918 849 quam
1946 790 2069 830 non
2099 789 2242 829 con-

523 864 808 943 gelatam.

606 958 687 1018 A.
732 957 1034 1036 Intellig0.
1087 957 1160 1015 In
1180 977 1362 1016 causa
1391 966 1522 1016 erat
1552 957 1716 1035 quod
1745 956 2243 1036 aquacongelata

523 1052 712 1111 levior
735 1062 844 1125 est,
870 1071 1050 1130 quam
1073 1070 1195 1109 non
1215 1051 1549 1129 congelata.
1595 1052 1837 1110 Norunt
1856 1051 2017 1111 enim
2035 1069 2243 1111 omnes

524 1147 778 1225 glaciem
810 1154 1121 1205 natantem
1143 1153 1316 1222 parte
1348 1145 1440 1203 sui
1480 1145 1701 1222 aliqua,
1734 1154 1905 1204 extra
1933 1165 2150 1224 aquam
2177 1145 2244 1204 in

527 1261 646 1319 qua
688 1248 880 1312 natat,
923 1238 1205 1298 eminere.
1295 1236 1478 1298 Quod
1508 1247 1712 1296 autem
1741 1257 1996 1316 corpora
2038 1239 2244 1298 omnia

527 1355 662 1413 quae
706 1335 864 1393 mole
900 1332 1155 1410 aequalia
1183 1352 1339 1410 aqua
1367 1332 1649 1410 graviora
1697 1341 1856 1405 sunt,
1887 1332 2243 1402 subsidunt;

525 1439 590 1488 et
618 1449 753 1507 quae
783 1427 1027 1499 leviora,
1060 1426 1329 1485 eminent
1355 1452 1370 1495 ;
1402 1446 1536 1504 quae
1565 1434 1768 1486 autem
1799 1427 2018 1504 aequali
2045 1426 2245 1505 gravi-

525 1531 651 1582 tate
681 1531 841 1593 sunt,
872 1520 959 1578 ita
999 1528 1216 1578 natant
1258 1528 1328 1578 ut
1373 1539 1606 1579 summa
1648 1540 1854 1580 eorum
1900 1521 2245 1599 superficies

527 1613 823 1672 collocata
852 1613 928 1672 sit
955 1613 1019 1671 in
1058 1613 1375 1691 superficie
1421 1633 1613 1692 aquae,
1648 1614 2085 1674 demonstravit
2130 1614 2245 1674 Ar-

526 1707 847 1766 chimedeS.

607 1799 684 1859 B.
736 1799 828 1858 Ad
866 1799 1323 1878 generationem
1371 1819 1515 1878 ergo
1552 1801 1769 1879 glaciei
1807 1801 2242 1881 explicandam,

528 1893 935 1953 necessarium
985 1912 1115 1952 esse
1164 1892 1359 1963 vide0,
1405 1913 1527 1954 non
1565 1895 1746 1955 modo
1790 1896 1936 1974 quid
1975 1896 2053 1955 sit
2091 1897 2245 1956 scire

528 1988 689 2066 quod
719 2008 940 2066 aquam
969 1987 1118 2047 facit
1147 1989 1527 2067 congelatam
1555 1989 1841 2049 leviorem
1872 2011 2052 2069 quam
2101 2000 2244 2050 ante

527 2092 672 2157 erat,
727 2082 832 2142 sed
882 2082 1063 2141 etiam
1111 2082 1256 2160 quid
1302 2082 1380 2142 sit
1426 2082 1590 2161 quod
1637 2083 1891 2143 eandem
1939 2083 2086 2144 facit
2134 2083 2245 2143 du-

527 2178 767 2236 riorem.

609 2272 688 2329 A.
737 2270 1054 2330 Leviorem
1103 2269 1269 2343 facit,
1323 2270 1612 2350 quicquid
1666 2280 1951 2332 conatum
2001 2272 2129 2350 ejus
2168 2271 2248 2332 ad

527 2374 803 2424 centrum
833 2375 1011 2423 terrae
1042 2364 1277 2424 minuat
1307 2365 1432 2424 sive
1455 2365 1746 2444 impediat
1771 2392 1785 2435 ;
1816 2366 1880 2425 id
1907 2385 2051 2426 vero
2081 2366 2248 2426 aliud

528 2478 655 2518 esse
706 2478 828 2517 non
878 2467 1081 2536 potest
1125 2467 1348 2538 praeter
1396 2468 1630 2518 motum
1680 2460 1934 2538 alicujus
1977 2460 2246 2539 corporis

528 2552 775 2611 conatui
815 2552 1097 2612 deorsum
1142 2553 1508 2632 oppositum,
1541 2554 1591 2613 si
1622 2574 1744 2614 non
1793 2554 2246 2627 diametraliter,

528 2655 592 2706 at
621 2647 835 2706 saltem
865 2647 1147 2726 oblique3
1191 2647 1390 2726 idque,
1424 2647 1549 2707 sive
1591 2647 1816 2725 glacies
1862 2649 1971 2707 fiat
2014 2648 2077 2707 in
2105 2668 2247 2708 vase

526 2759 636 2818 per
683 2740 822 2799 nive
873 2741 1118 2801 mistum
1168 2741 1272 2816 sal,
1305 2741 1428 2801 sive
1477 2740 1540 2800 in
1582 2740 1730 2800 locis
1774 2741 2018 2820 apertiS,
2063 2750 2134 2802 ut
2182 2743 2249 2802 in

526 2854 753 2893 oceano
783 2835 1240 2913 septentrionali
1269 2835 1366 2896 vel
1396 2834 1791 2896 meridionali.
1879 2836 2000 2896 Sed
2029 2843 2091 2896 et
2136 2835 2246 2896 du-

523 2929 747 2987 riorem
775 2928 922 2987 facit
951 2939 1149 2988 motus
1172 2928 1388 3008 aliquis
1419 2928 1748 3007 oppositus,
1835 2929 1997 2988 Nam
2029 2929 2248 2989 durum

528 3022 783 3081 dicimus
812 3021 961 3080 illud
992 3030 1232 3082 tantum
1261 3042 1500 3101 corpuS,
1526 3023 1697 3101 cujus
1726 3033 1900 3102 parte
1922 3043 2046 3083 una
2083 3032 2248 3084 mota

524 3116 865 3176 necessario
897 3116 1058 3176 cedit
1086 3125 1284 3176 totum
1309 3139 1322 3175 ε
1354 3126 1425 3176 ut
1453 3116 1605 3195 lapis
1636 3116 1821 3176 durus
1845 3117 2087 3189 dicitur,
2107 3117 2249 3196 quia

525 3212 575 3271 si
606 3231 787 3270 unam
817 3211 944 3288 ejus
973 3220 1208 3289 partem
1236 3231 1494 3290 premam,
1538 3220 1703 3271 totus
1734 3212 1927 3284 cedet,
1958 3220 2063 3271 aut
2107 3231 2248 3290 pars

525 3325 738 3384 pressa
766 3324 891 3363 non
923 3304 1117 3378 cedet,
1150 3305 1363 3365 saltem
1388 3305 1770 3365 sensibiliter.
1859 3306 2030 3366 Unus
2060 3306 2249 3384 igitur

527 3410 728 3459 motus
770 3407 902 3458 tum
946 3398 1254 3459 levitatem
1303 3398 1542 3478 glaciei,
1590 3408 1723 3459 tum
1773 3399 2076 3472 duritiem,
2123 3400 2248 3459 sive

528 3493 982 3555 consistentiam
1053 3494 1338 3572 partium,
1400 3493 1636 3554 efficere
1702 3501 1924 3574 potest.
2038 3494 2247 3555 Motus
