2462 4120
440 394 562 447 250
961 406 1050 448 DE
1079 405 1360 452 NATURA
1391 406 1617 447 Anms,

438 543 717 603 fecerunt
745 564 854 623 per
884 546 1260 624 suppositam
1307 545 1670 623 gravitatem
1723 543 2166 622 atmosphaerae,

440 646 608 696 tuam
639 657 753 716 ego
785 659 991 698 veram
1016 659 1144 698 esse
1176 639 1552 698 existimabo,
1616 638 1737 698 Sed
1759 638 1988 696 habent
2018 656 2168 716 quo-

441 751 558 810 que
590 732 971 811 hypothesim
1001 733 1200 805 aliam,
1230 753 1351 811 qua
1378 733 1779 810 phaenomena
1809 731 2020 790 eadem
2051 730 2168 789 sal-

437 825 570 885 vari
597 845 778 904 posse
836 836 1075 905 putant,
1109 826 1545 885 Cartesianam.
1629 826 1843 884 Visum
1890 824 2165 884 Cartesio

441 929 532 979 est
562 940 763 979 aerem
793 921 944 980 nihil
975 920 1140 979 aliud
1192 939 1323 979 esse
1368 927 1592 997 praeter
1638 918 1984 997 congeriem
2036 939 2165 978 cor-

439 1015 832 1092 pusculorum
854 1014 1276 1092 magnitudine
1300 1025 1363 1072 et
1384 1014 1581 1090 figura
1598 1013 1779 1072 variis
1801 1013 2166 1072 flexibilibus

437 1108 857 1186 praeditorum,
882 1108 1161 1181 acalore,
1213 1106 1552 1186 praesertim
1599 1107 1759 1178 50115,
1811 1127 1848 1166 6
1889 1115 2053 1166 terra
2104 1117 2167 1166 et

438 1222 597 1280 aqua
618 1203 1010 1274 elevatorum,
1043 1211 1105 1260 et
1135 1202 1197 1259 in
1249 1199 1506 1259 materia
1556 1201 1822 1259 aetherea
1865 1201 1988 1272 illa,
2029 1221 2166 1280 quae

437 1298 717 1356 tellurem
761 1297 1154 1374 undiquaque
1195 1293 1582 1367 circumfluit,
1637 1295 2020 1353 natantium:
2064 1295 2169 1354 illa

438 1402 645 1451 autem
690 1391 1053 1470 corpuscula
1109 1391 1184 1448 ab
1235 1389 1616 1447 indesinente
1674 1399 1847 1447 motu
1897 1389 2168 1448 materiae

436 1485 596 1545 illius
627 1486 907 1544 aethereae
936 1485 1023 1542 ita
1045 1483 1277 1542 moveri
1307 1492 1369 1541 et
1399 1483 1463 1540 in
1492 1502 1711 1561 gyrum
1749 1483 1925 1556 verti,
1955 1492 2025 1542 ut
2065 1503 2169 1543 ex-

437 1589 613 1639 tensa
643 1587 704 1639 et
735 1578 1114 1637 circulariter
1142 1586 1327 1648 mota,
1354 1585 1577 1636 caetera
1607 1578 1810 1636 omnia
1834 1597 1870 1635 a
1893 1597 1955 1635 se
1973 1577 2170 1656 repel-

437 1673 603 1733 lant:
650 1673 862 1732 eadem
893 1681 1097 1731 autem
1128 1679 1360 1730 motum
1392 1671 1562 1730 illum
1607 1671 1942 1751 gyrationis
1986 1671 2171 1750 frige-

437 1767 601 1826 facta
631 1767 933 1839 amittere,
968 1775 1028 1825 et
1047 1765 1223 1824 reddi
1252 1766 1526 1824 flaccida.

532 1861 613 1920 A.
660 1861 916 1920 Memini
967 1860 1216 1939 quidem
1247 1861 1590 1919 Cartesium
1645 1860 1762 1918 hoc
1815 1858 2037 1918 dixisse
2096 1859 2171 1919 de

439 1967 657 2015 natura
708 1976 902 2035 aquae,
955 1957 1127 2034 cujus
1176 1965 1382 2034 partes
1434 1954 1717 2033 anguillis
1776 1954 2170 2032 comparavit.

441 2051 562 2110 Sed
591 2060 874 2110 naturam
913 2050 1086 2122 aeriS,
1120 2050 1171 2109 si
1220 2050 1377 2108 bene
1421 2049 1690 2121 memini,
1736 2048 1992 2107 similem
2041 2068 2173 2108 6556

441 2145 588 2204 dicit
609 2146 890 2224 virgultis
917 2146 1223 2204 arborum.
1313 2144 1434 2203 Sed
1465 2143 1734 2222 quisquis
1765 2143 1903 2201 talis
1951 2162 2174 2220 suppo-

440 2240 674 2299 sitionis
700 2239 919 2298 author
947 2239 1084 2310 fuit,
1105 2259 1322 2317 parum
1350 2238 1557 2298 refert.
1647 2237 1807 2295 Nam
1830 2236 1963 2315 ipsa
1983 2237 2175 2315 hypo-

439 2334 648 2407 thesiS,
693 2334 756 2392 in
798 2353 919 2412 qua
968 2343 1168 2392 motus
1216 2332 1580 2411 supponitur
1618 2331 1889 2390 materiae
1936 2331 2175 2391 subtilis

443 2428 572 2487 sine
602 2448 785 2487 causa
802 2427 1237 2499 velocissimus,
1263 2436 1325 2486 61
1343 2436 1644 2505 praeterea
1673 2426 2174 2504 corpusculorum

439 2522 910 2582 innumerabiles
939 2521 1271 2600 vertigines
1303 2522 1557 2580 diversae
1586 2521 1661 2579 ab
1693 2520 1853 2578 illius
1901 2520 2175 2579 materiae

440 2617 623 2677 unico
653 2627 827 2676 motu
863 2626 1190 2696 generatae,
1231 2616 1332 2675 vix
1375 2615 1506 2675 sani
1549 2615 1814 2674 hominis
1856 2623 1964 2674 est.
2054 2614 2176 2674 Sed

441 2711 760 2771 redeamus
789 2711 869 2771 ad
897 2711 1284 2789 hypothesim
1303 2711 1590 2789 priorem,
1619 2710 1724 2768 ubi
1755 2709 1882 2768 aeri
1911 2708 2177 2768 tribuitis

441 2806 826 2884 gravitatem.
941 2806 1163 2876 Prim0,
1211 2805 1638 2883 explicandum
1696 2814 1855 2862 esset
1906 2803 2054 2882 quid
2099 2803 2178 2862 sit

439 2901 748 2980 gravitas,
837 2900 1017 2961 Quod
1042 2899 1308 2978 gravitas
1334 2909 1428 2958 est
1458 2907 1709 2958 conatus
1740 2899 1815 2957 ab
1847 2898 2012 2956 omni
2039 2897 2176 2956 loco

443 2995 523 3055 ad
553 3004 831 3055 centrum
852 3003 1056 3068 terrae,
1089 2994 1292 3054 sciunt
1338 3014 1567 3053 omneS.
1657 2993 1927 3052 Conatus
1973 2999 2178 3050 autem

443 3097 648 3149 motus
673 3099 784 3161 est,
806 3109 1154 3167 quanquam
1178 3088 1694 3166 imperceptibilis,
1784 3087 1971 3164 Cujus
1995 3105 2179 3145 cona-

444 3193 543 3244 tus
574 3184 699 3244 sive
727 3192 928 3242 motus
968 3182 1469 3261 imperceptibilis
1520 3201 1766 3241 causam
1813 3180 2178 3239 efficientem

446 3279 665 3358 quibus
696 3278 992 3337 machinis
1022 3277 1403 3355 investigatis
1431 3276 1451 3335 Ρ
1498 3278 1659 3336 Ν6111
1688 3276 1753 3335 id
1771 3275 1967 3354 primo
2014 3294 2177 3353 quae-

445 3373 704 3432 rendum
734 3379 865 3430 erat
891 3397 906 3440 ;
953 3370 1193 3444 deinde,
1225 3370 1530 3449 quomodo
1561 3391 1598 3430 a
1627 3370 1930 3449 gravitate
1953 3378 2180 3427 atmos-

445 3467 672 3546 phaerae
720 3466 1126 3544 phaenomena
1169 3464 1467 3524 machinae
1507 3474 1729 3524 vestrae
1776 3462 1996 3522 salvari
2038 3481 2180 3540 pos-

447 3570 600 3621 sent.
692 3560 876 3621 Quod
904 3559 1327 3637 atmosphaerae
1352 3560 1561 3618 insunt
1599 3557 1907 3637 permistae
1937 3555 2181 3634 corpori

447 3656 713 3716 aethereo
743 3654 950 3714 multae
985 3662 1116 3714 tum
1146 3674 1320 3733 aquae
1349 3665 1481 3713 tum
1532 3652 1717 3713 6116111
1764 3661 1942 3711 terrae
1992 3648 2181 3729 parti-
