2462 4120
607 366 1130 409 MATHEMATICAE
1166 366 1571 410 HODIERNAE.
1879 358 1951 411 81

218 507 381 567 inter
426 526 490 566 se
540 507 787 566 habent.
879 506 1115 565 Octava
1149 505 1307 564 sicut
1350 515 1539 578 sexta,
1581 507 1962 568 demonstra-

216 601 353 661 bilis
383 609 494 660 est.

296 695 379 754 B.
427 692 753 755 Quomodo
784 693 1087 752 rationem
1120 693 1415 770 majorem
1447 691 1660 753 definis
1691 695 1805 754 tu?

299 788 379 848 A.
428 788 757 847 Rationem
811 787 1057 867 quidem
1115 788 1428 866 majorem,
1487 788 1783 848 rationem
1828 811 1962 850 esse

212 881 353 942 dico
402 882 663 961 majoris
721 881 1146 942 antecedentis
1205 882 1298 942 ad
1349 882 1509 942 idem
1568 904 1957 964 consequen&

211 976 315 1038 vel
366 977 636 1055 ejusdem
693 977 1114 1037 antecedentis
1172 977 1264 1037 ad
1318 997 1686 1057 consequens
1743 979 1957 1040 minu-5.

212 1070 540 1132 Rationem
582 1081 788 1132 autem
837 1073 1125 1133 minorem
1170 1093 1307 1132 esse
1350 1072 1657 1132 rationem
1710 1073 1960 1132 minoris

214 1167 637 1227 antecedentis
678 1167 770 1227 ad
814 1167 976 1227 idem
1005 1188 1391 1247 consequen-5⁵,
1421 1167 1520 1228 vel
1551 1167 1822 1245 ejusdem
1853 1190 1959 1229 an—

214 1262 550 1322 tecedentis
580 1263 660 1323 ad
689 1283 1068 1342 consequens
1098 1265 1312 1342 majus,

307 1355 377 1417 B.
423 1358 747 1418 Accurate.

298 1452 380 1514 A.
427 1454 628 1526 Nona,
661 1454 935 1514 definitio
966 1475 1087 1514 non
1121 1463 1233 1528 est,
1266 1454 1374 1514 sed
1402 1454 1742 1533 propositio
1767 1455 1960 1533 gratis

214 1558 544 1628 assumpta,
575 1569 815 1628 nempe,
837 1549 1307 1630 proportionem
1349 1548 1412 1608 in
1449 1547 1648 1608 tribas
1680 1550 1961 1610 terminis

204 1643 612 1723 paucissimis
663 1643 1046 1712 consister&
1090 1665 1230 1703 cum
1283 1655 1491 1704 tamen
1534 1654 1821 1704 accurate
1872 1645 1960 1704 lo-

216 1738 478 1815 quendO,
511 1739 804 1798 consistat
844 1739 908 1798 in
955 1748 1217 1818 quatuor
1254 1739 1654 1819 paucissimis·
1746 1740 1960 1800 Omnis

212 1833 378 1892 enim
407 1833 564 1893 ratio
589 1835 872 1894 consistit
895 1835 960 1894 in
985 1835 1221 1895 duobus
1251 1835 1530 1895 terminis
1554 1835 1957 1914 paucissimiS,

213 1936 278 1986 et
307 1928 503 1987 omnis
526 1929 839 2007 proportio
858 1930 923 1988 in
943 1929 1177 1989 duabus
1195 1930 1576 2009 paucissimis
1595 1931 1955 1990 rationibus,

217 2021 481 2082 Quando
505 2043 652 2082 vero
686 2023 821 2084 duae
852 2025 1225 2103 quantitates
1257 2025 1473 2084 mediae
1505 2025 1769 2104 aequales
1800 2026 1959 2086 inter

215 2135 280 2175 se
331 2127 492 2190 sunt,
561 2117 626 2177 id
677 2139 804 2178 non
854 2139 1177 2179 numerum
1251 2120 1473 2180 minuit
1537 2122 1958 2181 terminorum.

214 2211 520 2271 Elementi
570 2212 752 2292 hujus
801 2214 999 2293 quinti
1046 2214 1434 2275 definitiones
1467 2215 1680 2276 decem
1709 2217 1962 2297 reliquae

214 2316 517 2366 accuratae
548 2318 710 2367 sunt.

299 2400 379 2460 B.
425 2401 831 2463 Transeamus
890 2424 1037 2483 ergo
1091 2405 1166 2465 ad
1217 2406 1607 2468 definitiones
1658 2408 1961 2468 Elementi

215 2495 389 2555 sexti.

299 2590 381 2650 A.
429 2590 585 2650 Sunt
607 2591 747 2666 illae,
780 2605 1039 2674 excepta
1074 2596 1306 2674 quinta,
1340 2618 1477 2676 quae
1509 2607 1570 2657 et
1602 2598 1816 2658 ultima
1846 2609 1957 2671 est,

214 2705 424 2745 omnes
453 2697 775 2747 accuratae.
866 2689 1027 2749 Nam
1056 2691 1161 2750 illa
1191 2693 1424 2770 quinta,
1450 2714 1590 2752 cum
1614 2702 1676 2752 et
1706 2693 1958 2753 demon-

215 2780 396 2840 strari
425 2782 618 2859 possit
649 2792 711 2842 et
736 2782 1259 2846 demonstratione
1290 2788 1585 2868 indigeat,
1617 2810 1816 2868 neque
1846 2810 1956 2868 pro

215 2873 591 2950 definitione,
645 2897 844 2956 neque
900 2899 1012 2958 pro
1063 2882 1365 2961 principio
1418 2884 1956 2944 demonstrationis

212 2968 427 3028 haberi
459 2970 657 3031 debet.
731 2973 841 3033 Est
871 2983 1080 3035 autem
1108 2976 1278 3046 haec;
1309 2979 1478 3038 ratio
1503 3000 1582 3038 ea·
1610 2981 1956 3040 rationibus

215 3065 493 3143 componi
525 3065 776 3140 dieitur,
802 3088 933 3127 enm
958 3069 1267 3130 rationum
1299 3073 1678 3151 quantitates
1705 3075 1865 3133 inter
1888 3095 1956 3133 se

213 3157 484 3237 aliquam
511 3161 831 3238 effecerint
856 3164 1176 3227 rationem.

298 3253 381 3312 B.
430 3252 819 3329 Demonstra‚
902 3259 1190 3336 quoniam
1269 3261 1744 3322 demonstrabile
1824 3282 1952 3322 esse

215 3346 443 3420 dixisti,
486 3367 560 3406 ex
599 3351 1105 3430 multiplicatione
1146 3354 1309 3414 inter
1354 3376 1417 3415 se
1456 3357 1950 3416 antecedentium

215 3441 476 3501 duarum
521 3444 846 3519 rationum,
891 3457 953 3507 et
992 3469 1068 3508 ex
1111 3450 1622 3529 multiplicatione
1682 3452 1840 3510 inter
1886 3469 1950 3508 se

215 3538 740 3614 consequentium,
794 3542 1053 3603 existere
1104 3544 1373 3622 ipsarum
1416 3545 1723 3605 rationum
1768 3544 1947 3603 unius

213 3628 294 3688 ad
323 3629 579 3690 alteram
609 3632 1005 3696 additionem.

381 3742 537 3785 VOL.
563 3744 657 3786 IV.
1742 3750 1783 3790 G

2030 531 2276 564 DIALOGUS

2127 599 2179 631 ΙΙ.

2030 655 2270 684 κ-Ὓ-α
