2462 4120
822 358 910 400 DE
945 357 1231 402 NATURA
1263 358 1488 399 AERIS.
1895 350 2015 402 269

277 497 552 557 rentibus
609 497 1034 566 marmoribus,
1092 495 1231 555 talis
1297 495 1414 553 erit
1470 496 1799 572 pyramidis
1857 498 2015 556 illius

277 594 491 671 figura,
524 589 763 669 qualem
809 590 1061 649 definiet
1112 589 1377 648 ambitus
1422 589 1844 649 intersecantis
1881 612 2016 651 eam

275 685 615 745 marmoriS.
689 684 958 744 Conatus
989 704 1135 763 ergo
1166 694 1536 762 punctorum
1566 685 1836 743 omnium
1865 706 2018 763 pon-

276 779 622 839 derantium
650 780 1096 858 propagabitur
1142 778 1221 837 ad
1273 777 1655 856 superficiem
1700 781 2017 839 marmoris

276 874 623 952 superioriS‚
648 883 976 952 antequam
999 873 1192 953 possit
1211 873 1539 951 propagari
1560 873 1832 944 ulterius,
1851 885 2018 951 puta,

275 968 355 1028 ad
405 978 650 1027 terram.
739 969 1068 1047 Postquam
1119 977 1324 1027 autem
1375 976 1629 1025 conatus
1676 966 1752 1024 ad
1792 978 2018 1026 terram

272 1073 646 1142 propagatus
701 1063 908 1136 fuerit,
967 1083 1072 1123 aer
1123 1082 1332 1121 rursus
1390 1081 1499 1140 per
1542 1060 1838 1119 resultum
1880 1062 2020 1121 inde

275 1158 600 1217 conabitur
658 1158 995 1218 secundum
1052 1158 1296 1218 easdem
1343 1166 1510 1216 retro
1551 1164 1748 1214 rectas
1799 1156 1877 1214 ad
1924 1176 2021 1214 su-

273 1252 586 1331 perficiem
633 1253 985 1313 inferiorem
1042 1253 1349 1313 inferioris
1407 1251 1747 1311 marmoris,
1863 1250 2022 1309 Nam

275 1347 617 1407 incidentes
682 1349 1223 1427 perpendiculares
1283 1345 1873 1426 perpendiculariter
1930 1366 2025 1404 re-

274 1442 628 1501 flectuntur.
736 1442 1045 1503 Quoniam
1100 1463 1247 1521 ergo
1296 1460 1565 1501 marmor
1615 1439 1893 1519 superius
1939 1440 2026 1499 ita

277 1556 636 1616 suspensum
667 1546 778 1610 est,
805 1547 874 1596 ut
900 1538 1107 1597 conari
1133 1538 1419 1596 deorsum
1442 1556 1569 1595 non
1592 1536 1805 1614 possit,
1827 1535 2024 1593 omnis

277 1642 533 1691 conatus
585 1630 903 1690 innitentis
951 1631 1284 1711 pyramidis
1331 1632 1579 1691 sistetur
1617 1631 1682 1689 in
1720 1649 2024 1689 marmore

277 1726 609 1805 superiore.
716 1726 859 1785 Non
921 1747 1067 1805 ergo
1134 1714 1578 1806 propagabitur
1636 1725 1715 1784 ad
1772 1735 2019 1784 terram.

277 1820 495 1899 Neque
526 1840 671 1899 ergo
700 1821 807 1879 fiet
837 1822 1099 1880 resultus
1136 1822 1214 1881 ad
1245 1840 1512 1880 marmor
1542 1820 1813 1879 inferius
1882 1820 2024 1878 Non

275 1935 423 1993 ergo
466 1915 662 1974 oritur
706 1935 743 1973 a
781 1916 1016 1975 resultu
1062 1917 1342 1975 conantis
1383 1915 1826 1993 atmosphaerae‚
1861 1913 2025 1992 quod

275 2029 546 2069 marmor
575 2009 830 2069 inferius
861 2011 947 2070 ita
979 2020 1380 2084 sustentatur,
1404 2021 1475 2069 ut
1506 2031 1541 2069 a
1572 2018 1863 2069 contactu
1886 2029 2026 2069 cum

277 2105 589 2184 superiore
619 2124 742 2163 non
777 2115 1111 2183 separetur.

363 2198 444 2259 B.
492 2198 914 2258 Certissimum
976 2211 1089 2259 est.
1179 2200 1274 2259 Illi
1332 2209 1558 2272 autem,
1620 2200 1723 2277 qui
1780 2219 2027 2258 causam

273 2296 408 2373 ejus
447 2294 634 2354 talem
675 2294 1100 2369 reddiderunt,
1132 2315 1256 2355 non
1288 2307 1465 2354 erant
1495 2295 1754 2355 fortasse
1783 2316 2027 2374 geome-

275 2400 405 2449 trae.
511 2389 709 2449 Miror
753 2398 960 2449 tamen
1019 2391 1500 2470 paralogismum
1547 2391 1712 2450 hunc
1763 2411 1888 2450 non
1939 2392 2026 2449 vi-

279 2484 438 2545 disse
478 2484 832 2563 geometriae
879 2485 1278 2563 professoreS,
1311 2486 1416 2564 qui
1447 2486 1870 2569 reflectionum
1901 2486 2028 2545 vias

277 2579 566 2658 ignorare
623 2598 747 2637 non
809 2579 1170 2640 debuerunt.
1282 2580 1404 2640 Sed
1449 2581 1539 2639 vis
1598 2581 1702 2639 illa
1760 2581 2026 2653 elastica,

279 2693 463 2752 quam
493 2674 557 2732 in
588 2694 728 2732 aere
763 2694 895 2733 esse
927 2674 1160 2748 dicunt,
1190 2675 1422 2735 nihilne
1448 2674 1526 2734 ad
1550 2695 1819 2734 marmor
1850 2676 2027 2735 susti-

278 2767 550 2827 nendum
582 2767 860 2827 conferre
890 2778 1094 2847 potest
1119 2770 1138 2828 ἓ

361 2859 439 2921 Α.
485 2861 656 2941 Nihil
704 2864 971 2923 omnino.
1063 2865 1206 2924 Non
1261 2864 1425 2923 enim
1480 2874 1737 2923 conatus
1780 2863 1842 2922 in
1888 2883 2026 2922 aere

282 2965 375 3015 est
416 2956 574 3015 ullus
614 2956 693 3015 ad
731 2967 1011 3017 centrum
1055 2970 1235 3018 terrae
1282 2959 1476 3038 magis
1518 2979 1700 3037 quam
1745 2958 1823 3016 ad
1863 2957 2027 3016 aliud

282 3049 538 3129 quodvis
567 3061 863 3130 punctum
903 3054 1190 3113 universi.
1281 3054 1591 3115 Quoniam
1622 3053 1780 3112 enim
1813 3052 2026 3130 gravia

282 3143 490 3203 omnia
533 3144 796 3204 tendunt
847 3167 884 3205 a
925 3147 1420 3207 circumferentia
1470 3147 1896 3225 atmosphaerae
1947 3145 2024 3203 ad

283 3248 564 3298 centrum
595 3248 794 3311 terrae,
830 3251 890 3299 et
938 3242 1080 3302 inde
1127 3263 1334 3302 rursus
1364 3243 1443 3302 ad
1474 3242 2026 3302 circumferentiam

283 3333 728 3410 atmosphaerae,
773 3355 882 3413 per
926 3337 1172 3397 easdem
1214 3339 1407 3397 lineas
1452 3339 1728 3410 reflean,
1769 3345 2024 3395 conatus

284 3446 523 3486 sursum
582 3429 830 3486 conatui
871 3429 1151 3490 deorsum
1199 3433 1449 3511 aequalis
1494 3436 1628 3505 erit,
1670 3440 1730 3490 et
1767 3430 2023 3509 proinde

283 3532 499 3581 mutuo
526 3540 588 3579 se
611 3522 980 3599 perimentes
1010 3537 1228 3586 neutra
1260 3528 1646 3586 conabuntur
1676 3526 1790 3583 via.
1859 3524 2023 3583 Quin

286 3635 447 3694 aqua
476 3616 679 3693 gravis
710 3616 808 3690 sit,
831 3637 956 3677 non
989 3619 1303 3680 dubitatur
1329 3648 1343 3691 ;
1375 3631 1435 3681 et
1466 3620 1764 3699 siquidem
1792 3616 2023 3677 homini
