2462 4120
648 399 1171 442 MATHEMATICAE
1208 401 1611 444 HomERNAE.
1866 388 1986 454 217

256 542 371 601 erit
392 550 687 620 punctum
711 540 766 596 V
797 549 1075 599 centrum
1106 540 1422 618 gravitatis
1476 541 1839 600 semicirculi
1888 542 1989 601 de-

255 635 464 714 scripti
512 655 548 694 a
594 634 1046 694 semidiametro
1087 635 1210 706 γΧ.
1298 636 1377 694 Et
1424 635 1510 693 sic
1558 636 1875 714 continget
1924 639 1988 696 in

253 730 783 789 intersectionibus
812 738 1118 789 rectarum
1150 722 1443 802 omnium,
1466 750 1602 808 quae
1626 741 1766 789 sunt
1788 732 1988 809 paral-

251 824 382 883 lelae
410 834 596 884 rectae
626 825 765 897 DB,
798 844 936 884 cum
966 834 1137 884 recta
1160 825 1287 895 FT,
1327 831 1397 883 ut
1427 833 1641 882 centra
1670 825 1988 902 gravitatis

253 918 661 996 quadrantum
688 919 1134 997 descriptorum
1165 920 1240 978 ab
1269 918 1565 978 ordinatis
1589 918 1654 976 in
1680 918 1986 997 triangulo

252 1014 362 1073 FD
376 1013 445 1086 Β,
472 1014 592 1072 sint
616 1013 679 1072 in
710 1014 1243 1073 intersectionibus
1274 1013 1545 1091 ipsarum
1569 1011 1988 1073 ordinatarum

252 1128 390 1166 cum
415 1119 584 1167 recta
614 1110 739 1169 FT.
829 1109 950 1168 Sed
980 1108 1446 1187 intelligendum
1471 1116 1564 1166 est
1613 1106 1988 1185 triangulum

252 1203 427 1262 FDT
474 1213 748 1262 erectum
800 1224 930 1263 esse
989 1203 1068 1263 ad
1124 1204 1375 1282 planum
1435 1203 1686 1262 chartae.
1776 1202 1990 1280 Itaque

254 1318 463 1358 omnes
493 1299 875 1372 semicirculi,
901 1298 1192 1378 descripti
1223 1319 1259 1357 a
1278 1298 1675 1357 conversione
1697 1296 1990 1374 trianguli

253 1393 420 1452 FDB
493 1413 675 1472 super
735 1394 942 1452 basem
991 1394 1123 1466 FD,
1168 1392 1759 1472 aequiponderabunt
1811 1410 1993 1469 super

252 1496 483 1547 rectam
511 1488 636 1560 FT,
670 1498 936 1547 erectam
973 1488 1051 1546 ad
1082 1489 1332 1567 planum
1363 1488 1612 1547 chartae.
1675 1485 1797 1544 Sed
1829 1485 1992 1564 quod

255 1582 825 1661 equiponderabunt
857 1584 1042 1642 etiam
1083 1603 1265 1661 super
1292 1614 1367 1654 γγ
1397 1582 1676 1642 similiter
1705 1589 1991 1650 erectam,

253 1677 645 1736 manifestum
668 1687 758 1736 est
782 1697 855 1736 ex
880 1698 972 1749 6ο,
993 1678 1159 1756 quod
1182 1679 1271 1750 Ἐγ
1302 1688 1396 1738 est
1418 1677 1498 1737 ad
1521 1677 1641 1749 γΙ),
1665 1686 1736 1735 ut
1768 1684 1804 1735 3
1837 1675 1914 1733 ad
1941 1683 1991 1733 1.

253 1773 364 1832 Est
407 1792 554 1851 ergo
593 1782 872 1831 centrum
911 1774 1230 1852 gravitatis
1276 1763 1586 1846 semiconi,
1631 1770 1923 1849 descripti
1958 1790 1994 1828 a

252 1867 559 1946 triangulo
603 1867 790 1939 FDB,
831 1868 894 1926 in
937 1878 1168 1947 puncto
1208 1869 1264 1927 V
1308 1869 1542 1935 elevato
1589 1865 1995 1945 perpendicu-

251 1961 460 2021 lariter
499 1981 680 2041 super
721 1962 974 2041 planum
1013 1963 1243 2023 chartae
1280 1963 1406 2022 sive
1441 1961 1778 2021 horizontis
1818 1960 1882 2019 in
1923 1985 1991 2029 73

253 2066 313 2116 et
355 2057 540 2117 distat
584 2077 622 2116 a
666 2068 897 2136 puncto
943 2089 995 2129 γ,
1049 2058 1212 2137 quod
1273 2068 1368 2118 est
1416 2058 1481 2117 in
1526 2058 1693 2129 base,
1750 2063 1994 2114 tantum

253 2162 483 2231 quanta
512 2162 602 2211 est
632 2149 693 2227 ξ
723 2173 899 2212 arcus
930 2153 1293 2213 semicirculi
1326 2152 1616 2231 descripti
1646 2171 1682 2210 a
1713 2149 1994 2210 semidia-

251 2258 450 2306 metro
489 2248 613 2321 γΧ,
651 2247 777 2307 sive
818 2248 1115 2307 dodrante
1153 2257 1338 2307 rectae
1374 2246 1513 2306 DB.

335 2342 590 2414 RursuS‚
626 2343 915 2421 quoniam
948 2353 1229 2402 centrum
1276 2341 1597 2422 gravitatis
1639 2339 1996 2419 quadrantis

251 2438 432 2498 ABC
463 2449 555 2498 est
581 2438 658 2497 ad
702 2470 728 2496 ν
757 2439 820 2497 in
852 2449 1024 2498 recta
1053 2439 1171 2507 ΑΞ,
1203 2459 1340 2517 quae
1374 2436 1590 2496 dividit
1621 2455 1833 2494 arcum
1879 2433 1990 2491 BC

250 2533 551 2607 bifariam,
584 2534 699 2593 erit
730 2553 973 2613 quoque
1008 2543 1288 2592 centrum
1318 2531 1638 2611 gravitatis
1687 2529 1993 2609 quadran-

251 2628 330 2687 tis
389 2627 677 2708 descripti
729 2650 765 2689 a
812 2628 930 2689 DB
978 2629 1042 2688 in
1092 2638 1262 2688 recta
1313 2648 1449 2706 quae
1508 2625 1726 2685 dividit
1784 2643 1995 2683 arcum

256 2723 608 2800 quadrantis
632 2724 903 2803 ejusdem
933 2724 1210 2783 bifariam
1235 2749 1249 2790 ;
1296 2722 1670 2800 distabitque
1694 2730 1938 2779 tantum
1957 2738 1994 2776 a

254 2827 483 2895 puncto
504 2819 558 2878 D
581 2829 806 2898 quanta
839 2829 932 2879 est
964 2819 1148 2897 dupla
1168 2819 1259 2878 Av
1278 2864 1291 2877 .
1357 2818 1647 2877 Sumatur
1666 2817 1763 2889 Βφ
1788 2833 1989 2893 aequa-

254 2911 329 2970 lis
377 2911 576 2991 duplae
607 2914 731 2987 Av‚
779 2914 1084 2992 ductaque
1115 2915 1201 2989 Fa
1234 2923 1398 2973 secet
1443 2922 1676 2971 rectam
1722 2938 1797 2980 γγ
1834 2910 1898 2968 in
1942 2939 1988 2965 v.

260 3006 567 3066 Quoniam
613 3028 758 3087 ergo
791 3009 887 3083 Βφ
941 3020 1030 3068 est
1079 3009 1370 3068 distantia
1422 3007 1621 3067 centri
1671 3006 1993 3082 gravitatis

258 3100 611 3178 quadrantis
635 3102 923 3182 descripti
954 3104 1407 3163 semidiametro
1440 3102 1557 3162 DB
1590 3123 1626 3160 a
1654 3109 1883 3180 puncto
1916 3101 1991 3173 D,

257 3204 319 3254 et
349 3195 440 3254 Av
473 3196 646 3255 estin
677 3207 845 3257 recta
870 3219 1006 3277 quae
1038 3199 1254 3259 dividit
1284 3219 1494 3258 arcum
1532 3197 1645 3256 BC
1690 3196 1990 3268 bifariam,

257 3291 372 3349 erit
402 3311 641 3369 quoque
673 3319 740 3359 γυ
770 3292 1058 3353 distantia
1080 3294 1274 3353 centri
1294 3293 1612 3373 gravitatis
1634 3291 1991 3369 quadrantis

258 3384 546 3464 descripti
578 3406 614 3444 a
638 3386 757 3459 γΧ,
791 3397 851 3446 et
882 3388 945 3446 in
975 3398 1145 3448 recta
1179 3409 1315 3467 quae
1346 3387 1565 3447 dividit
1595 3406 1805 3444 arcum
1838 3385 1992 3460 ejus-

258 3479 395 3538 dem
455 3479 809 3557 quadrantis
857 3482 959 3552 γΧ
1009 3483 1310 3542 bifariam.
1423 3482 1592 3541 Idem
1645 3479 1870 3538 accidit
1927 3477 1991 3535 in

258 3574 496 3633 caeteris
549 3574 829 3634 omnibus
881 3576 1176 3636 ordinatis
1227 3576 1520 3655 trianguli
1571 3574 1770 3632 FDB.
1880 3571 1991 3629 Est

256 3669 444 3747 igitur
474 3669 560 3742 Ρφ
593 3667 885 3727 diameter
916 3671 1238 3748 aequilibrii
1270 3671 1468 3742 solidi,
1501 3667 1663 3746 quod
1686 3668 1757 3725 fit
1788 3687 1823 3724 a
1848 3685 1986 3724 con-

2048 564 2298 597 DIALOGUS

2145 633 2215 665 VI.
