2462 4120
596 382 1063 425 PROBLEMATA
1097 383 1414 426 PHYSICA.
1750 374 1869 426 349

136 522 429 582 imitatur.
484 520 690 581 Quare
722 519 772 579 si
800 520 908 579 fiat
938 528 1010 578 ut
1038 539 1372 598 granorum
1395 520 1670 581 cumulus
1695 522 1872 581 simul
1952 539 2064 572 cAP·
2090 538 2159 570 V1·

137 616 416 696 crepitet,
448 633 695 673 necesse
726 621 818 672 est
846 623 917 672 ut
945 613 1155 691 fragor
1184 633 1441 690 magnus
1471 614 1567 673 sit.
1895 594 2230 692 „mm

222 711 304 771 A.
352 709 472 769 Sed
503 718 831 787 antequam
861 727 1079 766 aurum
1109 707 1219 765 fiat
1255 706 1604 780 fulminans,
1637 708 1872 768 dulcifi-
1893 697 2227 789 ffssitssl‘ffifffim·

137 816 331 878 catur,
361 814 432 863 ut
463 803 903 882 chymistarum
935 803 1120 862 verbo
1151 811 1327 860 utar:
1372 802 1436 860 id
1466 813 1577 875 est,
1609 804 1697 862 sal
1727 804 1875 863 elui-

137 911 259 973 tur,
283 911 344 959 et
374 898 595 958 deinde
625 898 921 978 paulatim
952 898 1316 957 desiccatur.

219 992 299 1055 B.
344 993 418 1053 Id
447 1002 560 1066 est,
592 1013 750 1072 aqua
779 1001 1168 1071 evaporatur,
1202 991 1290 1049 sal
1314 990 1716 1069 relinquitur:
1763 992 1879 1051 sal-

138 1099 267 1149 tem
305 1088 708 1166 aliquantum,
740 1086 906 1166 quod
948 1086 1246 1145 siccatum
1287 1084 1644 1144 indurescit.
1733 1086 1877 1145 Non

139 1203 288 1262 ergo
334 1183 412 1242 ab
460 1202 610 1242 auro
650 1182 860 1260 fragor
909 1181 1032 1254 ille,
1077 1180 1186 1240 sed
1231 1200 1266 1239 a
1308 1180 1433 1239 sale
1482 1200 1613 1239 esse
1652 1190 1874 1259 potest.

141 1277 302 1338 Sunt
328 1277 492 1336 enim
520 1276 801 1356 pulveres
825 1276 1009 1335 etiam
1033 1275 1140 1334 alii
1160 1274 1379 1353 quibus
1403 1294 1618 1334 aurum
1642 1275 1878 1334 nullum

139 1372 321 1445 inest,
354 1371 459 1451 qui
487 1379 693 1431 tamen
726 1369 1005 1430 calefacti
1036 1389 1252 1428 sonum
1284 1368 1476 1428 edunt
1514 1389 1640 1429 non
1681 1370 1881 1429 mino-

140 1485 273 1526 rem
321 1485 508 1545 quam
554 1485 770 1524 aurum
822 1464 1169 1523 fulminans,
1269 1463 1587 1542 Chymista
1635 1464 1883 1543 quidam

142 1559 339 1620 nostri
368 1559 658 1638 temporis
690 1559 971 1632 affirmat,
1004 1557 1167 1637 quod
1200 1557 1289 1616 sal
1313 1559 1530 1617 tartari
1560 1569 1623 1618 et
1651 1560 1883 1618 nitrum

144 1675 285 1714 cum
312 1653 560 1733 paululo
592 1652 838 1712 sulfuris
862 1653 1073 1725 mixta,
1100 1662 1163 1711 et
1192 1652 1255 1711 in
1278 1653 1590 1731 pulverem
1612 1653 1882 1725 redacta,

145 1759 208 1810 et
237 1748 550 1820 calefacta,
578 1747 886 1825 fragorem
917 1747 1187 1806 efficiunt
1217 1758 1513 1825 quantum
1551 1747 1699 1808 facit
1729 1748 1885 1807 sclo-

145 1852 322 1923 petus
351 1841 630 1901 militaris
661 1841 764 1920 qui
795 1849 1178 1919 musquettus
1203 1841 1563 1920 appellatur.

151 1977 155 1982 -
230 1936 314 1996 A.
358 1935 618 1995 Videtur
669 1936 820 1994 mihi
871 1954 1075 2015 operae
1119 1935 1388 2013 pretium
1436 1935 1728 2009 facturuS,
1781 1937 1884 2015 qui

148 2030 412 2111 experiri
440 2030 625 2090 vellet
655 2040 954 2109 quantum
985 2030 1274 2089 effectum
1302 2029 1600 2089 haberent
1620 2030 1898 2110 pulveris.

148 2126 325 2187 istius
360 2125 519 2203 (auri
548 2125 799 2204 inquam
827 2123 1232 2201 fulminantis)
1273 2125 1479 2203 plures
1510 2125 1688 2184 simul
1716 2125 1888 2184 librae

149 2219 215 2279 in
249 2240 474 2299 magno
514 2219 788 2298 sclopeto
819 2218 1234 2299 poliorceti00,
1265 2218 1572 2298 gradatim
1610 2239 1648 2279 a
1684 2219 1890 2279 favilla

152 2314 350 2375 calida
379 2314 709 2374 calefactae.

234 2409 317 2472 B.
364 2408 535 2469 Idem
564 2408 783 2468 sentio,
1416 2466 1421 2471 ,

239 2503 320 2564 Α.
369 2503 535 2565 Quid
563 2511 656 2563 est
694 2502 757 2571 id
789 2501 955 2581 quod
983 2501 1198 2576 nubes,
1227 2512 1299 2562 ut
1329 2502 1502 2576 dieis,
1534 2503 1889 2582 congelatas

152 2596 414 2676 frangit?

237 2689 316 2751 B.
404 2691 667 2752 Quando
693 2691 821 2751 dies
845 2690 1029 2751 calidi
1054 2700 1216 2765 sunt,
1241 2691 1332 2750 sol
1350 2711 1635 2770 magnam
1664 2693 1891 2752 excitat

154 2785 395 2864 copiam
420 2805 717 2864 vaporum
745 2796 876 2846 tum
898 2807 931 2846 e
950 2786 1125 2859 mari,
1150 2797 1282 2846 tum
1306 2788 1491 2847 etiam
1522 2807 1555 2847 e
1584 2788 1732 2847 locis
1762 2807 1891 2846 om-

158 2881 338 2940 nibus
374 2879 762 2958 palustribus.
851 2881 967 2941 His
997 2880 1325 2959 vaporibus
1355 2881 1766 2960 pendentibus
1796 2901 1890 2940 as-

159 2983 420 3052 surgunt
441 2973 544 3032 alii
565 2974 805 3052 aliique.
862 2975 1036 3054 Saepe
1056 2984 1260 3035 autem
1281 2975 1427 3035 dum
1449 2997 1591 3055 pars
1615 2975 1892 3036 ascendit

162 3076 224 3127 et
251 3085 393 3146 pars
433 3065 768 3140 descendit,
798 3069 990 3128 nubes
1028 3070 1187 3129 fiunt
1230 3070 1440 3148 spissae
1481 3081 1544 3130 et
1583 3071 1759 3130 simul
1797 3091 1894 3129 ca-

163 3180 458 3232 vernosae,
509 3180 618 3238 per
665 3180 815 3238 quas
863 3182 1180 3241 expressus
1224 3184 1329 3224 aer
1374 3165 1582 3224 multis
1631 3166 1696 3224 in
1745 3165 1894 3224 locis

164 3255 467 3315 transiens
526 3254 718 3313 nubes
768 3257 1070 3334 congelat,
1120 3277 1192 3316 eo
1252 3279 1432 3337 quem
1491 3260 1710 3338 saepius
1769 3257 1895 3316 dixi

163 3348 346 3410 modo
378 3346 689 3406 induranS.
733 3368 735 3370 ¹

247 3442 326 3502 A.
377 3441 449 3500 Id
480 3460 832 3500 concessum
862 3451 1006 3501 ante
1036 3452 1145 3503 est.
1236 3445 1462 3506 Quaero
1510 3455 1733 3517 autem,
1771 3463 1894 3502 non

160 3537 324 3598 unde
356 3537 418 3595 in
448 3535 705 3614 glaciem
736 3546 1155 3610 concrescunt,
1181 3540 1286 3599 sed
1316 3561 1353 3601 a
1383 3561 1504 3619 qua
1527 3560 1709 3600 causa
1736 3545 1896 3616 post-

166 3652 350 3712 quam
383 3629 710 3690 durescant
741 3629 1190 3707 diffringuntur.
