2462 4120
822 329 1382 373 GEOMETRARUM.
1851 315 1971 368 419

235 483 318 534 tae
347 473 488 546 sint,
520 472 647 532 sive
674 490 801 530 non
830 470 970 529 sint.
1058 469 1274 546 Itaque
1306 466 1410 545 qui
1449 466 1600 526 tales
1641 476 1842 527 motus
1874 488 1971 527 ex-

236 567 616 647 cogitaverit,
646 562 1132 644 proportionalia
1159 562 1292 640 ipsa
1333 560 1782 635 determinabit,
1827 561 1975 622 duc-

235 663 434 741 tisque
464 660 640 720 lineis
665 658 849 718 rectis
881 655 1314 723 determinabit
1345 665 1729 734 exponetque
1761 657 1972 716 oculis,

299 757 508 815 'Factu
538 765 744 814 autem
776 752 1019 813 difficile
1049 772 1175 810 non
1205 758 1316 809 est.
1383 749 1564 808 Nosti
1594 751 1773 822 enim,
1806 761 1977 811 motu

235 850 361 911 sive
391 850 581 910 ductu
618 849 797 908 lineae
827 846 1119 907 uniformi
1160 854 1368 924 partes
1414 844 1591 903 lineae
1639 844 1975 924 descriptas

234 944 566 1024 aequalibus
605 942 1002 1022 temporibuS,
1035 959 1276 1018 semper
1306 958 1437 998 esse
1467 937 1630 997 inter
1672 958 1735 997 se
1778 960 1978 1017 aequa-

232 1039 341 1099 les,
401 1039 559 1098 Item
590 1038 641 1098 si
669 1038 832 1097 linea
862 1035 1169 1113 descripta
1198 1034 1279 1093 sit
1308 1032 1521 1092 eadem
1552 1052 1790 1110 semper
1813 1033 1978 1093 velo-

235 1133 441 1206 citate,
472 1142 679 1213 partes
712 1132 843 1210 ejus
875 1129 1211 1208 aequalibus
1242 1127 1624 1207 temporibus
1656 1127 1978 1206 descriptae

234 1248 364 1289 esse
389 1228 575 1288 etiam
603 1227 766 1286 inter
797 1246 862 1286 se
894 1224 1177 1303 aequales,

322 1324 418 1383 Sit
447 1333 619 1383 recta
647 1322 757 1382 AB
791 1320 1100 1399 descripta
1145 1328 1319 1378 motu
1412 1364 1438 1391 A
1679 1327 1706 1355 ¹³

1954 1328 1978 1355 B

235 1418 549 1492 uniformi,
603 1417 666 1476 in
722 1426 1000 1495 tempore
1048 1434 1322 1493 quocun-
1459 1371 1970 1715 v

236 1537 391 1595 que:
425 1526 488 1576 et
516 1517 580 1575 in
609 1524 784 1595 parte
816 1514 1021 1592 aliqua
1051 1511 1323 1591 ejusdem
1533 1541 1559 1569 E
1842 1569 1866 1596 F

235 1614 548 1693 temporiS,
582 1614 797 1674 eodem
827 1622 1000 1672 motu
1033 1609 1326 1670 uniformi

239 1713 546 1791 descripta
575 1712 654 1772 sit
685 1712 797 1772 AD
822 1730 962 1790 pars
985 1718 1170 1769 rectae
1195 1708 1324 1768 AB.

239 1807 546 1870 Quoniam
593 1825 741 1885 ergo
788 1813 991 1865 motus
1037 1803 1361 1863 uniformis
1408 1809 1541 1861 erat
1585 1801 1651 1860 in
1697 1800 1980 1859 omnibus

235 1901 514 1982 partibus
545 1900 880 1979 aequalibus
911 1898 1224 1978 temporiS,
1258 1896 1585 1975 descriptae
1627 1903 1808 1955 erunt
1837 1914 1979 1974 par-

236 2008 332 2058 tes
361 1995 625 2075 aequales
654 2004 788 2054 tum
827 1994 1017 2054 totius
1053 2002 1239 2052 rectae
1270 1992 1400 2062 AB,
1430 2000 1564 2051 tum
1603 1999 1792 2050 rectae
1822 1989 1936 2049 AD
1963 2012 1977 2047 :

236 2092 361 2152 sive
407 2091 524 2152 illae
566 2099 774 2169 partes
818 2088 937 2149 toti
975 2087 1085 2148 AB
1134 2087 1276 2160 sint,
1305 2086 1404 2146 vel
1455 2105 1581 2145 non
1628 2085 1773 2156 sint,
1817 2103 1982 2144 com-

234 2185 691 2249 mensurabiles,
1780 2183 1784 2187 ’

321 2281 555 2342 Eodem
585 2288 880 2359 tempore,
911 2285 1084 2337 motu
1112 2276 1404 2336 uniformi
1433 2276 1679 2356 quidem
1709 2285 1778 2335 ut
1817 2283 1978 2348 ante,

240 2375 349 2436 sed
393 2374 682 2448 tardiore,
725 2374 803 2434 sit
849 2372 1155 2450 descripta
1197 2379 1368 2430 recta
1402 2371 1528 2445 AC,
1566 2371 1798 2431 faciens
1840 2390 1980 2430 cum

244 2471 352 2532 AB
397 2469 689 2549 angulum
729 2487 1155 2548 quemcunque
1203 2465 1392 2526 BAC:
1439 2475 1500 2526 et
1540 2487 1661 2545 quo
1704 2475 1980 2545 tempore

244 2565 550 2644 descripta
572 2574 703 2624 erat
728 2565 860 2635 AD,
882 2562 1093 2622 eodem
1122 2562 1503 2639 intelligatur
1529 2561 1834 2640 descripta
1851 2561 1978 2621 AE.

246 2658 453 2719 Quare
482 2659 547 2717 in
575 2658 759 2717 rectis
782 2658 909 2730 AC,
930 2658 1058 2729 AE,
1089 2676 1201 2735 pro
1231 2656 1508 2735 partibus
1540 2656 1666 2715 sive
1688 2656 1983 2734 portioni-

243 2752 359 2812 bus
389 2752 646 2830 sumptis
686 2752 751 2811 in
781 2752 909 2824 AB,
939 2752 1256 2831 portiones
1286 2751 1550 2829 aequales
1594 2770 1834 2829 semper
1876 2750 1982 2808 de-

247 2845 594 2905 scribentur
650 2846 715 2905 in
765 2846 873 2905 AC
899 2869 914 2905 ε
978 2845 1193 2905 eodem
1260 2846 1446 2905 modo
1505 2866 1625 2924 quo
1685 2854 1817 2905 tota
1874 2845 1983 2904 AB

246 2939 578 3018 respondet
607 2940 722 2999 toti
752 2940 878 3012 AC,
910 2948 973 2999 et
1001 2960 1141 3018 pars
1172 2940 1286 2999 AD
1316 2941 1478 3018 parti
1508 2940 1641 2999 AE.

334 3034 668 3094 Habebunt
706 3054 854 3112 ergo
899 3044 1105 3112 partes
1135 3035 1396 3114 aequales
1441 3035 1621 3094 factae
1653 3034 1984 3113 aequalibus

247 3129 624 3207 temporibus
655 3129 717 3186 in
749 3127 856 3187 AC
884 3128 963 3187 ad
992 3139 1197 3207 partes
1227 3129 1489 3209 aequales
1517 3130 1710 3189 factas
1742 3128 1986 3206 aequali-

247 3222 364 3282 bus
410 3222 787 3300 temporibus
830 3223 894 3281 in
925 3223 1032 3281 AB
1073 3223 1330 3282 eandem
1378 3223 1699 3294 rationem,
1733 3222 1985 3299 singulae

250 3315 331 3376 ad
360 3316 648 3396 singulaS,
674 3336 855 3394 quam
884 3316 1069 3376 habet
1098 3327 1231 3376 tota
1255 3318 1360 3376 AC
1380 3318 1459 3376 ad
1489 3327 1683 3377 totam
1706 3315 1834 3384 AB,
1860 3315 1986 3372 sive

252 3411 437 3470 etiam
461 3430 644 3489 quam
672 3410 858 3469 habet
880 3410 987 3468 ΑΕ
1017 3410 1096 3470 ad
1119 3412 1250 3471 AD.
1310 3413 1514 3471 Etiam
1545 3421 1750 3490 partes
1775 3427 1986 3468 omnes

252 3504 586 3583 aequalibus
615 3503 990 3582 temporibus
1018 3504 1199 3564 factae
1228 3505 1294 3564 in
1324 3506 1448 3577 EC,
1496 3503 1867 3582 (differentia
1895 3502 1988 3559 in-

251 3607 347 3659 ter
378 3597 504 3672 AC,
535 3597 694 3675 AE),
724 3596 803 3657 ad
846 3607 1049 3675 partes
1080 3618 1292 3659 omnes
1322 3599 1656 3677 aequalibus
1697 3596 1989 3674 tempori-

1628 3711 1667 3750 E
1702 3709 1740 3750 E
1772 3711 1795 3745 2

2048 485 2159 517 CAP.
2187 485 2278 516 XII.

2044 541 2282 568 *W

2048 592 2104 626 De
2122 590 2251 625 iisdem

2046 645 2260 682 rationibus.
