2462 4120
462 340 575 404 174
820 357 1269 401 EXAMINATlo
1304 360 1387 400 ET
1421 360 1831 402 EMENDATio

140 513 389 545 D¹AL0G1JS
454 514 585 554 esse
629 495 745 554 hoc
790 500 1143 575 geometriae
1190 498 1642 556 indivisibilium
1695 499 2030 572 Cavallerii,
2081 501 2185 578 qui

145 582 381 664 „24
451 608 562 666 per
591 589 980 651 indivisibilia
1008 593 1295 670 intelligit
1325 591 1603 651 indivisa.

534 682 611 742 B.
658 684 899 746 Falsum
929 707 1169 766 quoque
1200 697 1291 745 est
1322 686 1485 763 quod
1514 687 1682 758 dicit,
1713 688 1957 765 planum
1991 687 2183 765 quod-

450 776 599 837 libet
638 781 892 840 conflari
932 802 1006 840 ex
1052 781 1307 839 infinitis
1359 781 1939 859 parallelogrammis
1984 803 2185 860 aequa-

448 870 626 932 libus.
698 874 914 953 Neque
939 876 1100 934 enim
1126 875 1414 952 trianguli
1440 885 1726 934 constant
1756 896 1831 934 ex
1862 877 2183 954 parallelo-

447 967 757 1042 grammiS,
817 969 922 1028 sed
983 990 1054 1028 ex
1115 968 1443 1046 trapeziis;
1513 989 1711 1047 neque
1766 971 1958 1029 ullum
2017 972 2183 1030 aliud

447 1058 698 1136 planum
729 1082 804 1121 ex
833 1063 1411 1141 parallelogrammis
1443 1072 1700 1135 constat,
1730 1075 1956 1142 praeter
1984 1065 2182 1143 paral-

447 1152 928 1232 lelogrammum.
1004 1158 1219 1235 Neque
1251 1157 1527 1235 sequitur
1558 1177 1632 1216 ex
1663 1157 1945 1217 doctrina
1974 1159 2186 1218 Caval-

446 1245 599 1320 lerii,
641 1250 798 1309 sicut
841 1270 914 1309 ex
963 1251 1245 1310 doctrina
1295 1251 1410 1309 hac
1452 1251 1731 1323 Wallisii,
1776 1251 2001 1311 nnllam
2049 1274 2184 1312 esse

447 1342 859 1423 cujuscunque
892 1344 1080 1424 plani
1127 1344 1538 1404 altitudinem.
1643 1345 1987 1423 Propositio
2035 1367 2181 1425 ergo

445 1436 641 1513 prima
670 1439 821 1497 nihil
852 1440 997 1518 egit.

526 1531 608 1591 A.
653 1533 819 1592 Dicit
859 1534 1114 1594 fortasse
1151 1534 1314 1593 idem
1362 1533 1588 1593 sentire
1633 1553 1696 1593 se
1749 1534 1915 1612 quod
1969 1535 2183 1594 Caval-

443 1624 647 1693 leriuS‚
693 1647 931 1705 nempe,
980 1648 1111 1687 esse
1159 1627 1513 1686 altitudines
1565 1647 1815 1687 suorum
1862 1628 2181 1706 parallelo-

443 1738 856 1796 grammorum
886 1723 1124 1782 infinite
1159 1743 1482 1801 parvorum
1529 1742 1654 1782 non
1684 1743 1934 1802 prorsus
1962 1724 2179 1796 nullaS,

445 1814 551 1872 sed
581 1815 757 1874 valde
788 1816 1059 1894 exiguas,

525 1907 601 1967 B.
651 1910 817 1970 Quid
847 1932 992 1990 ergo
1023 1931 1174 1989 opus
1207 1922 1339 1970 erat
1384 1911 1606 1984 dicere,
1639 1910 1876 1988 infinite
1912 1931 2178 1991 parvam,

443 2021 582 2062 cum
635 2005 971 2064 suffecisset
1038 2005 1261 2064 dixisse
1334 2025 1459 2064 non
1531 2004 2059 2064 consideraturum
2116 2025 2179 2063 se

443 2096 685 2155 illorum
715 2099 1071 2158 altitudines
1099 2109 1169 2158 ut
1204 2098 1614 2178 quantitates?
1688 2098 1925 2157 Deinde
1950 2099 2178 2177 Propo-

443 2190 665 2250 sitione
706 2194 991 2267 secunda,
1039 2194 1144 2252 ubi
1175 2193 1594 2252 demonstrare
1624 2192 1755 2251 vult
1803 2193 2178 2271 triangulum

440 2294 641 2344 totum
671 2288 902 2366 aequale
933 2309 1062 2348 esse
1094 2289 1373 2348 omnibus
1413 2288 1546 2347 basi
1590 2287 1912 2365 parallelis,
1957 2306 2179 2366 suppo-

439 2378 653 2458 nitque
677 2381 1051 2460 triangulum
1083 2383 1344 2442 divisum
1368 2401 1500 2441 esse
1523 2382 1586 2440 iu
1610 2381 2179 2459 parallelogramma

440 2472 792 2534 altitudines
843 2477 1133 2536 habentia
1178 2478 1417 2536 infinite
1461 2495 1719 2555 parvas3
1772 2486 1835 2534 et
1884 2475 2027 2553 quia
2075 2476 2178 2534 illa

438 2568 1005 2647 parallelogramma
1051 2581 1195 2631 sunt
1239 2571 1621 2631 arithmetice
1672 2570 2174 2648 proportionalia,

439 2662 770 2737 concludit,
816 2673 878 2724 et
925 2665 1171 2743 quidem
1220 2675 1408 2737 recte,
1457 2684 1530 2723 ea
1580 2663 1759 2722 simul
1809 2663 2014 2722 omnia
2058 2663 2176 2721 toti

439 2756 743 2834 triangulo
775 2777 905 2817 esse
935 2760 1231 2836 aequalia:
1276 2757 1718 2829 animadverto,
1765 2756 1928 2834 quod
1959 2756 2010 2815 si
2039 2756 2175 2815 alti-

437 2849 680 2909 tudines
708 2851 892 2911 nullae
923 2853 1062 2925 sint,
1099 2862 1171 2911 ut
1211 2853 1261 2911 is
1301 2851 1609 2930 supponit,
1656 2850 1824 2909 nulla
1870 2851 1986 2910 erit
2036 2870 2175 2929 pro-

437 2943 638 3022 portio
667 2945 1073 3019 arithmetica,
1111 2946 1230 3005 nisi
1262 2952 1321 3019 O,
1353 2952 1411 3017 Ο,
1443 2952 1501 3017 Ο,
1533 2952 1592 3016 Ο,
1625 2953 1762 3013 etc.‚
1817 2944 1939 3003 sint
1985 2944 2174 3003 arith-

437 3038 658 3097 metice
721 3040 1225 3118 proportionales
1334 3039 1551 3117 Neque
1623 3046 1804 3097 erunt
1860 3038 2173 3116 parallelo-

435 3152 713 3211 gramma
750 3133 869 3192 toti
898 3134 1203 3212 triangulo
1232 3133 1510 3212 aequalia,
1556 3133 1675 3191 nisi
1705 3132 1993 3191 infinities
2022 3132 2174 3191 nihil

435 3227 632 3305 possit
661 3247 789 3287 esse
819 3228 1052 3306 aequale
1082 3228 1263 3287 alicui
1293 3221 1382 3287 rei
1408 3253 1422 3296 ;
1467 3247 1666 3306 neque
1711 3227 1762 3287 si
1798 3247 1909 3306 per
1939 3227 2174 3304 infinite

425 3339 696 3400 parvum
723 3321 1012 3400 intelligit
1041 3321 1352 3401 exiguum,
1384 3341 1631 3381 necesse
1668 3331 1801 3380 erat
1839 3321 2040 3380 facere
2069 3321 2174 3380 illa

436 3414 677 3494 exigua.
785 3416 884 3474 An
923 3416 988 3474 in
1032 3416 1268 3475 ratione
1314 3416 1702 3476 arithmetica
1742 3436 1867 3475 non
1913 3415 2171 3475 fuissent

436 3509 555 3568 toti
585 3530 709 3569 non
738 3510 1013 3589 aequalia,
1044 3510 1095 3569 si
1130 3510 1483 3575 altitudines
1528 3510 1941 3589 supposuisset
1991 3529 2170 3588 quas-

437 3603 721 3683 cunque?
807 3603 964 3664 Tota
993 3624 1138 3683 ergo
1167 3604 1300 3664 haec
1339 3605 1675 3684 propositio
1712 3605 1957 3664 unicam
1986 3603 2171 3663 habet
