2462 4120
653 341 729 393 32
1011 355 1456 399 EXAMINATIO
1491 358 1577 399 ET
1609 357 2021 399 EMENDA'rlo

338 509 585 544 DIALOGUS
651 501 815 579 quod
854 501 1134 580 subjecta
1179 504 1448 564 habeant
1485 513 1546 563 et
1571 504 1899 584 princz‘pz’a
1929 512 1991 563 et
2018 505 2372 582 affectione-s·

340 578 575 662 ,ἐζ-θ
649 595 728 653 de
749 594 1013 673 subjecto
1038 599 1508 658 demonstratas,
1574 599 1889 676 Assumpti
1912 609 2147 676 partem
2165 619 2370 672 unam,

644 707 864 767 nempe
894 691 1058 769 quod
1085 692 1351 751 habeant
1390 692 1706 770 principia,
1755 692 1841 750 sic
1882 694 2138 770 probat;
2172 714 2370 774 punc-

644 790 768 842 tum
819 785 1054 863 quidem
1111 787 1573 867 magnitudiniS,
1627 786 1830 845 unitas
1881 795 2082 846 autem
2137 787 2373 846 numeri

631 877 1014 958 principium
1054 880 1236 961 vulgo
1264 880 1654 961 perhibetur.
1743 880 1995 939 Censen'
2029 890 2097 940 tu
2125 901 2370 959 geome-

644 981 803 1031 tram
832 993 979 1042 esse‚
1012 975 1116 1052 qui
1147 974 1311 1053 quod
1339 975 1595 1052 probare
1629 972 1859 1046 debuit,
1891 975 1966 1032 ab
1998 975 2368 1035 authoritate

642 1066 861 1143 probat
891 1068 1058 1146 vulgi
1085 1068 1104 1127 ἓ

723 1157 803 1219 Β.
849 1161 1172 1221 Peccatum
1201 1161 1397 1220 fateor
1427 1172 1537 1231 est,
1569 1180 1682 1218 nec
1713 1179 1985 1237 parvum.

724 1253 805 1314 A.
852 1256 1078 1315 Demus
1102 1265 1305 1315 autem
1328 1256 1383 1314 ei
1403 1256 1546 1313 satis
1570 1255 1685 1313 hoc
1707 1254 2192 1313 demonstratum
2215 1275 2366 1314 esse.

640 1348 738 1407 An
767 1359 1143 1428 geometram
1174 1370 1302 1408 esse
1334 1350 1516 1421 diceS,
1549 1349 1671 1426 qui,
1712 1368 1850 1406 cum
1879 1348 2277 1426 geometriam
2307 1357 2368 1408 et

640 1443 1086 1503 arithmeticam
1131 1444 1429 1522 principia
1473 1443 1695 1501 habere
1733 1442 2054 1501 ostendere
2096 1442 2365 1516 deberet,

643 1556 717 1596 ex
747 1557 818 1597 eo
848 1539 1068 1616 probat
1098 1537 1261 1616 quod
1287 1548 1584 1616 punctum
1616 1546 1705 1595 est
1735 1536 2102 1614 principium
2130 1537 2367 1615 magni-

640 1632 891 1705 tudinis,
937 1643 998 1692 et
1042 1633 1243 1691 unitas
1283 1630 1560 1690 numeri?
1648 1630 2024 1708 Intelligisne
2062 1631 2365 1708 quomodo

637 1736 932 1804 punctum
961 1727 1327 1805 principium
1357 1745 1484 1785 esse
1514 1734 1720 1803 potest
1748 1724 2142 1803 geometriae?

718 1820 799 1879 B.
846 1821 1030 1879 Nullo
1062 1819 1263 1879 mod0.

720 1914 801 1973 A.
847 1915 973 1973 Aut
1000 1914 1200 1973 unitas
1232 1911 1674 1972 arithmeticae?

718 2008 798 2067 B.
842 2008 1248 2067 Tantundem.

719 2101 800 2162 A.
847 2103 974 2161 Aut
1004 2102 1260 2161 eandem
1288 2120 1415 2159 rem
1454 2119 1584 2159 esse
1615 2099 2099 2177 magnitudinem
2130 2110 2190 2160 et
2218 2121 2363 2180 geo-

634 2195 957 2255 metriam?
1044 2197 1169 2255 Aut
1199 2214 1519 2255 numerum
1550 2205 1612 2252 et
1643 2194 2087 2253 arithmeticam
2113 2193 2133 2253 Ρ

714 2290 797 2350 B.
840 2290 916 2349 AE
963 2310 1057 2350 ue.

715 2384 800 2445 A.
843 2310 971 2443 Alii:
1015 2384 1228 2463 puncti
1276 2382 1690 2441 definitionem
1736 2391 1797 2441 et
1835 2391 2131 2460 punctum
2164 2381 2362 2461 ipsum

632 2499 762 2539 esse
791 2479 953 2539 idem
979 2479 997 2538 ?

713 2575 796 2633 B.
844 2573 1009 2635 Quid
1037 2582 1106 2632 tu
1135 2572 1264 2630 haec
1296 2580 1424 2630 tam
1455 2570 1718 2629 absurda
1746 2590 1782 2629 a
1812 2590 1908 2628 me
1941 2570 2161 2648 quaeris
2186 2569 2206 2628 Ρ

716 2668 795 2728 Α.
845 2666 1055 2729 Quid?
1101 2667 1218 2725 nisi
1262 2675 1332 2724 ut
1378 2665 1524 2724 mihi
1564 2665 1729 2724 dicas
1777 2665 1970 2724 sicubi
2017 2666 2360 2743 argumenti

629 2763 808 2841 hujus
839 2763 961 2820 vim
991 2762 1180 2820 latere
1212 2760 1455 2819 sentiae.

711 2858 793 2917 B.
840 2857 1055 2917 Dicam
1087 2854 1250 2933 quod
1281 2854 1512 2923 senti03
1559 2873 1776 2931 nempe
1807 2852 2007 2912 fraudi
2037 2852 2125 2911 illi
2153 2852 2357 2925 fuisse,

628 2952 794 3029 quod
840 2956 978 3010 cum'
1020 2970 1138 3010 vox
1173 2957 1466 3028 punctum
1506 2948 1874 3026 principium
1920 2948 1999 3006 sit
2042 2946 2184 3005 libri
2221 2947 2358 3005 Ele-

625 3055 972 3106 mentorum
1019 3043 1380 3104 Geometriae
1416 3042 1705 3114 Euclidis,
1753 3041 1968 3100 habuit
2010 3040 2208 3119 ipsum
2246 3060 2357 3119 pro

625 3140 925 3219 principio
970 3138 1340 3218 geometriae,
1387 3137 1756 3214 pariterque,
1806 3135 1950 3212 quia
1989 3154 2110 3194 vox
2147 3134 2357 3192 unitas

625 3235 823 3313 prima
873 3243 963 3292 est
1007 3234 1071 3291 in
1117 3232 1285 3290 libris
1335 3230 1605 3309 ejusdem
1650 3229 2069 3301 arithmeticiS,
2117 3228 2358 3306 putavit

625 3329 928 3387 unitatem
984 3326 1353 3406 principium
1417 3344 1546 3383 esse
1604 3324 1875 3382 scientiae
1933 3322 2351 3382 arithmeticae.

626 3422 823 3483 Miror
863 3441 1005 3482 sane
1044 3421 1353 3480 hominem
1394 3417 1862 3496 Peripateticum
1903 3417 2056 3476 adeo
2099 3416 2355 3475 oblitum

625 3517 810 3577 fuisse
849 3515 1194 3576 Aristotelis
1233 3513 1344 3585 sui,
1389 3523 1459 3571 ut
1503 3532 1626 3571 non
1674 3511 2020 3569 meminerit
2056 3508 2355 3588 principia

629 3613 747 3674 alia
771 3632 919 3685 esse,
936 3621 1006 3671 ,ut
1030 3630 1141 3670 nos
1164 3608 1487 3687 loquimur,
1510 3605 1769 3677 essendi,
1795 3605 1914 3664 alia
1933 3600 2352 3683 cognoscendi.
