<?xml version="1.0" encoding="UTF-8"?>
<!DOCTYPE html PUBLIC "-//W3C//DTD XHTML 1.0 Transitional//EN"
    "http://www.w3.org/TR/xhtml1/DTD/xhtml1-transitional.dtd">
<html xmlns="http://www.w3.org/1999/xhtml" xml:lang="en" lang="en">
 <head>
  <title>
</title>
<meta http-equiv="Content-Type" content="text/html;charset=utf-8" />
  <meta name='ocr-system' content='tesseract 3.04.00' />
  <meta name='ocr-capabilities' content='ocr_page ocr_carea ocr_par ocr_line ocrx_word'/>
</head>
<body>
  <div class='ocr_page' id='page_1' title='image "./operaphilosophic04hobbuoft_0365.png"; bbox 0 0 2462 4120; ppageno 0'>
   <div class='ocr_carea' id='block_1_1' title="bbox 613 379 1889 432">
    <p class='ocr_par' dir='ltr' id='par_1_1' title="bbox 613 379 1889 432">
     <span class='ocr_line' id='line_1_1' title="bbox 613 379 1889 432; baseline 0.001 -1"><span class='ocrx_word' id='word_1_1' title='bbox 613 389 1081 431; x_wconf 83' lang='lat' dir='ltr'><strong>PROBLEMATA</strong></span> <span class='ocrx_word' id='word_1_2' title='bbox 1114 389 1432 431; x_wconf 79' lang='lat' dir='ltr'>PHYsmA.</span> <span class='ocrx_word' id='word_1_3' title='bbox 1769 379 1889 432; x_wconf 83' lang='lat'>353</span> 
     </span>
    </p>
   </div>
   <div class='ocr_carea' id='block_1_2' title="bbox 151 528 2249 3542">
    <p class='ocr_par' dir='ltr' id='par_1_2' title="bbox 151 528 2249 988">
     <span class='ocr_line' id='line_1_2' title="bbox 152 528 2194 609; baseline -0.006 -16"><span class='ocrx_word' id='word_1_4' title='bbox 152 531 465 603; x_wconf 82' lang='lat' dir='ltr'>terminOS,</span> <span class='ocrx_word' id='word_1_5' title='bbox 496 529 611 589; x_wconf 89' lang='lat' dir='ltr'>etsi</span> <span class='ocrx_word' id='word_1_6' title='bbox 641 529 797 588; x_wconf 92' lang='lat' dir='ltr'>alter</span> <span class='ocrx_word' id='word_1_7' title='bbox 818 528 1079 587; x_wconf 90' lang='lat' dir='ltr'>alterum</span> <span class='ocrx_word' id='word_1_8' title='bbox 1108 548 1232 587; x_wconf 91' lang='lat' dir='ltr'>non</span> <span class='ocrx_word' id='word_1_9' title='bbox 1255 536 1614 602; x_wconf 90' lang='lat' dir='ltr'>removeret,</span> <span class='ocrx_word' id='word_1_10' title='bbox 1634 537 1891 609; x_wconf 90' lang='lat' dir='ltr'>uterque</span> <span class='ocrx_word' id='word_1_11' title='bbox 1965 550 2077 583; x_wconf 80' lang='lat' dir='ltr'>CAP.</span> <span class='ocrx_word' id='word_1_12' title='bbox 2104 550 2194 583; x_wconf 87' lang='lat' dir='ltr'>vn.</span> 
     </span>
     <span class='ocr_line' id='line_1_3' title="bbox 153 607 2206 702; baseline -0.001 -15"><span class='ocrx_word' id='word_1_13' title='bbox 153 636 360 687; x_wconf 88' lang='lat' dir='ltr'>tamen</span> <span class='ocrx_word' id='word_1_14' title='bbox 382 624 684 684; x_wconf 88' lang='lat' dir='ltr'>inveniret</span> <span class='ocrx_word' id='word_1_15' title='bbox 707 624 771 682; x_wconf 91' lang='lat' dir='ltr'>in</span> <span class='ocrx_word' id='word_1_16' title='bbox 792 623 990 701; x_wconf 91' lang='lat' dir='ltr'>seipso</span> <span class='ocrx_word' id='word_1_17' title='bbox 1011 621 1419 701; x_wconf 84' lang='lat' dir='ltr'><strong>aptitudinem</strong></span> <span class='ocrx_word' id='word_1_18' title='bbox 1443 623 1588 682; x_wconf 88' lang='lat' dir='ltr'>satis</span> <span class='ocrx_word' id='word_1_19' title='bbox 1608 643 1892 701; x_wconf 85' lang='lat' dir='ltr'>magnam</span> <span class='ocrx_word' id='word_1_20' title='bbox 1916 607 2206 702; x_wconf 51' lang='lat' dir='ltr'>Dm</span> 
     </span>
     <span class='ocr_line' id='line_1_4' title="bbox 151 711 2249 795; baseline -0.002 -15"><span class='ocrx_word' id='word_1_21' title='bbox 151 717 595 789; x_wconf 85' lang='lat' dir='ltr'>retrocedendi,</span> <span class='ocrx_word' id='word_1_22' title='bbox 629 726 814 795; x_wconf 91' lang='lat' dir='ltr'>atque</span> <span class='ocrx_word' id='word_1_23' title='bbox 845 716 1028 775; x_wconf 87' lang='lat' dir='ltr'>etiam</span> <span class='ocrx_word' id='word_1_24' title='bbox 1053 714 1426 794; x_wconf 90' lang='lat' dir='ltr'>reprimendi</span> <span class='ocrx_word' id='word_1_25' title='bbox 1449 716 1735 795; x_wconf 90' lang='lat' dir='ltr'>quicquid</span> <span class='ocrx_word' id='word_1_26' title='bbox 1765 738 1892 777; x_wconf 91' lang='lat' dir='ltr'>cor·</span> <span class='ocrx_word' id='word_1_27' title='bbox 1914 711 2155 759; x_wconf 56' lang='lat' dir='ltr'>Pend¹⁰¹¹¹ffl¹⁹</span> <span class='ocrx_word' id='word_1_28' title='bbox 2179 714 2249 746; x_wconf 65' lang='lat'>³²⁰·</span> 
     </span>
     <span class='ocr_line' id='line_1_5' title="bbox 151 811 1891 893; baseline -0.002 -20"><span class='ocrx_word' id='word_1_29' title='bbox 151 814 318 893; x_wconf 89' lang='lat' dir='ltr'>poris</span> <span class='ocrx_word' id='word_1_30' title='bbox 371 834 408 871; x_wconf 91' lang='lat' dir='ltr'>a</span> <span class='ocrx_word' id='word_1_31' title='bbox 457 823 634 890; x_wconf 91' lang='lat' dir='ltr'>tergo</span> <span class='ocrx_word' id='word_1_32' title='bbox 683 821 796 871; x_wconf 90' lang='lat' dir='ltr'>est.</span> <span class='ocrx_word' id='word_1_33' title='bbox 883 811 1047 870; x_wconf 89' lang='lat' dir='ltr'>Talis</span> <span class='ocrx_word' id='word_1_34' title='bbox 1096 820 1189 870; x_wconf 98' lang='grc' dir='ltr'>θεῖ</span> <span class='ocrx_word' id='word_1_35' title='bbox 1240 820 1461 869; x_wconf 86' lang='lat' dir='ltr'>natura</span> <span class='ocrx_word' id='word_1_36' title='bbox 1502 811 1891 884; x_wconf 80' lang='lat' dir='ltr'>reflectioniS,</span> 
     </span>
     <span class='ocr_line' id='line_1_6' title="bbox 154 905 1894 988; baseline -0.002 -20"><span class='ocrx_word' id='word_1_37' title='bbox 154 918 449 988; x_wconf 86' lang='lat' dir='ltr'>quantum</span> <span class='ocrx_word' id='word_1_38' title='bbox 484 908 708 967; x_wconf 82' lang='lat' dir='ltr'>attinet</span> <span class='ocrx_word' id='word_1_39' title='bbox 756 907 836 967; x_wconf 93' lang='lat' dir='ltr'>ad</span> <span class='ocrx_word' id='word_1_40' title='bbox 874 906 1101 966; x_wconf 90' lang='lat' dir='ltr'>lumen.</span> <span class='ocrx_word' id='word_1_41' title='bbox 1188 906 1326 965; x_wconf 89' lang='lat' dir='ltr'>Jam</span> <span class='ocrx_word' id='word_1_42' title='bbox 1370 905 1424 963; x_wconf 90' lang='lat' dir='ltr'>si</span> <span class='ocrx_word' id='word_1_43' title='bbox 1466 905 1621 963; x_wconf 86' lang='lat' dir='ltr'>radii</span> <span class='ocrx_word' id='word_1_44' title='bbox 1669 906 1894 965; x_wconf 86' lang='lat' dir='ltr'>solares</span> 
     </span>
    </p>

    <p class='ocr_par' dir='ltr' id='par_1_3' title="bbox 153 999 1895 1082">
     <span class='ocr_line' id='line_1_7' title="bbox 153 999 1895 1082; baseline -0.002 -19"><span class='ocrx_word' id='word_1_45' title='bbox 153 1004 398 1082; x_wconf 90' lang='lat' dir='ltr'>oblique</span> <span class='ocrx_word' id='word_1_46' title='bbox 429 1002 725 1075; x_wconf 81' lang='lat' dir='ltr'>incidant,</span> <span class='ocrx_word' id='word_1_47' title='bbox 756 1004 917 1062; x_wconf 87' lang='lat' dir='ltr'>actio</span> <span class='ocrx_word' id='word_1_48' title='bbox 951 1011 1154 1061; x_wconf 89' lang='lat' dir='ltr'>tamen</span> <span class='ocrx_word' id='word_1_49' title='bbox 1189 1010 1280 1060; x_wconf 91' lang='lat' dir='ltr'>est</span> <span class='ocrx_word' id='word_1_50' title='bbox 1310 1000 1389 1059; x_wconf 90' lang='lat' dir='ltr'>ad</span> <span class='ocrx_word' id='word_1_51' title='bbox 1419 999 1801 1078; x_wconf 90' lang='lat' dir='ltr'>superficiem</span> <span class='ocrx_word' id='word_1_52' title='bbox 1830 1000 1895 1060; x_wconf 92' lang='lat' dir='ltr'>in</span> 
     </span>
    </p>

    <p class='ocr_par' dir='ltr' id='par_1_4' title="bbox 153 1094 1896 1178">
     <span class='ocr_line' id='line_1_8' title="bbox 153 1094 1896 1178; baseline -0.003 -20"><span class='ocrx_word' id='word_1_53' title='bbox 153 1118 336 1178; x_wconf 91' lang='lat' dir='ltr'>quam</span> <span class='ocrx_word' id='word_1_54' title='bbox 360 1097 641 1157; x_wconf 92' lang='lat' dir='ltr'>incidunt</span> <span class='ocrx_word' id='word_1_55' title='bbox 670 1096 1214 1176; x_wconf 78' lang='lat' dir='ltr'>perpendicularis,</span> <span class='ocrx_word' id='word_1_56' title='bbox 1290 1095 1508 1173; x_wconf 88' lang='lat' dir='ltr'>Itaque</span> <span class='ocrx_word' id='word_1_57' title='bbox 1538 1094 1739 1172; x_wconf 89' lang='lat' dir='ltr'>paries</span> <span class='ocrx_word' id='word_1_58' title='bbox 1770 1094 1896 1153; x_wconf 90' lang='lat' dir='ltr'>sive</span> 
     </span>
    </p>

    <p class='ocr_par' dir='ltr' id='par_1_5' title="bbox 155 1188 1897 1272">
     <span class='ocr_line' id='line_1_9' title="bbox 155 1188 1897 1272; baseline -0.003 -20"><span class='ocrx_word' id='word_1_59' title='bbox 155 1212 377 1272; x_wconf 89' lang='lat' dir='ltr'>corpus</span> <span class='ocrx_word' id='word_1_60' title='bbox 430 1192 838 1272; x_wconf 91' lang='lat' dir='ltr'>quodcunque</span> <span class='ocrx_word' id='word_1_61' title='bbox 887 1191 1227 1263; x_wconf 81' lang='lat' dir='ltr'>reflectenS,</span> <span class='ocrx_word' id='word_1_62' title='bbox 1270 1188 1611 1249; x_wconf 90' lang='lat' dir='ltr'>resistendo</span> <span class='ocrx_word' id='word_1_63' title='bbox 1661 1199 1897 1247; x_wconf 91' lang='lat' dir='ltr'>motum</span> 
     </span>
    </p>

    <p class='ocr_par' dir='ltr' id='par_1_6' title="bbox 154 1282 1896 1365">
     <span class='ocr_line' id='line_1_10' title="bbox 154 1282 1896 1365; baseline -0.003 -18"><span class='ocrx_word' id='word_1_64' title='bbox 154 1287 328 1348; x_wconf 91' lang='lat' dir='ltr'>illum</span> <span class='ocrx_word' id='word_1_65' title='bbox 365 1287 723 1347; x_wconf 88' lang='lat' dir='ltr'>retrovertit</span> <span class='ocrx_word' id='word_1_66' title='bbox 756 1285 1366 1365; x_wconf 84' lang='lat' dir='ltr'>perpendiculariter,</span> <span class='ocrx_word' id='word_1_67' title='bbox 1405 1291 1475 1343; x_wconf 90' lang='lat' dir='ltr'>ut</span> <span class='ocrx_word' id='word_1_68' title='bbox 1513 1283 1591 1343; x_wconf 93' lang='lat' dir='ltr'>ab</span> <span class='ocrx_word' id='word_1_69' title='bbox 1630 1283 1677 1342; x_wconf 88' lang='lat' dir='ltr'>F</span> <span class='ocrx_word' id='word_1_70' title='bbox 1705 1282 1785 1342; x_wconf 88' lang='lat' dir='ltr'>ad</span> <span class='ocrx_word' id='word_1_71' title='bbox 1813 1283 1896 1341; x_wconf 89' lang='lat' dir='ltr'>E:</span> 
     </span>
    </p>

    <p class='ocr_par' dir='ltr' id='par_1_7' title="bbox 156 1381 1899 1463">
     <span class='ocr_line' id='line_1_11' title="bbox 156 1381 1899 1463; baseline -0.003 -18"><span class='ocrx_word' id='word_1_72' title='bbox 156 1384 267 1445; x_wconf 91' lang='lat' dir='ltr'>sed</span> <span class='ocrx_word' id='word_1_73' title='bbox 294 1405 334 1444; x_wconf 87' lang='lat' dir='ltr'>a</span> <span class='ocrx_word' id='word_1_74' title='bbox 358 1384 421 1444; x_wconf 89' lang='lat' dir='ltr'>vi</span> <span class='ocrx_word' id='word_1_75' title='bbox 461 1404 599 1463; x_wconf 87' lang='lat' dir='ltr'>quae</span> <span class='ocrx_word' id='word_1_76' title='bbox 630 1392 724 1443; x_wconf 89' lang='lat' dir='ltr'>est</span> <span class='ocrx_word' id='word_1_77' title='bbox 760 1383 826 1442; x_wconf 91' lang='lat' dir='ltr'>in</span> <span class='ocrx_word' id='word_1_78' title='bbox 866 1383 1157 1463; x_wconf 89' lang='lat' dir='ltr'>parallela</span> <span class='ocrx_word' id='word_1_79' title='bbox 1193 1402 1304 1462; x_wconf 93' lang='lat' dir='ltr'>per</span> <span class='ocrx_word' id='word_1_80' title='bbox 1333 1382 1481 1455; x_wconf 88' lang='grc' dir='ltr'>ΕΗ,</span> <span class='ocrx_word' id='word_1_81' title='bbox 1515 1381 1660 1461; x_wconf 88' lang='lat' dir='ltr'>quia</span> <span class='ocrx_word' id='word_1_82' title='bbox 1698 1390 1899 1441; x_wconf 89' lang='lat' dir='ltr'>motus</span> 
     </span>
    </p>

    <p class='ocr_par' dir='ltr' id='par_1_8' title="bbox 156 1476 1899 1559">
     <span class='ocr_line' id='line_1_12' title="bbox 156 1476 1899 1559; baseline -0.003 -19"><span class='ocrx_word' id='word_1_83' title='bbox 156 1480 259 1540; x_wconf 89' lang='lat' dir='ltr'>ille</span> <span class='ocrx_word' id='word_1_84' title='bbox 286 1479 587 1559; x_wconf 88' lang='lat' dir='ltr'>parietem</span> <span class='ocrx_word' id='word_1_85' title='bbox 616 1499 741 1538; x_wconf 93' lang='lat' dir='ltr'>non</span> <span class='ocrx_word' id='word_1_86' title='bbox 770 1479 1014 1557; x_wconf 84' lang='lat' dir='ltr'>premit,</span> <span class='ocrx_word' id='word_1_87' title='bbox 1045 1478 1198 1538; x_wconf 90' lang='lat' dir='ltr'>nihil</span> <span class='ocrx_word' id='word_1_88' title='bbox 1237 1476 1458 1537; x_wconf 89' lang='lat' dir='ltr'>aufert.</span> <span class='ocrx_word' id='word_1_89' title='bbox 1546 1477 1751 1556; x_wconf 91' lang='lat' dir='ltr'>Atque</span> <span class='ocrx_word' id='word_1_90' title='bbox 1780 1476 1899 1535; x_wconf 93' lang='lat' dir='ltr'>hoc</span> 
     </span>
    </p>

    <p class='ocr_par' dir='ltr' id='par_1_9' title="bbox 157 1570 1899 1654">
     <span class='ocr_line' id='line_1_13' title="bbox 157 1570 1899 1654; baseline -0.003 -19"><span class='ocrx_word' id='word_1_91' title='bbox 157 1584 340 1654; x_wconf 90' lang='lat' dir='ltr'>pacto</span> <span class='ocrx_word' id='word_1_92' title='bbox 372 1573 492 1633; x_wconf 91' lang='lat' dir='ltr'>duo</span> <span class='ocrx_word' id='word_1_93' title='bbox 522 1573 609 1632; x_wconf 91' lang='lat' dir='ltr'>illi</span> <span class='ocrx_word' id='word_1_94' title='bbox 650 1581 870 1645; x_wconf 80' lang='lat' dir='ltr'>motuS,</span> <span class='ocrx_word' id='word_1_95' title='bbox 901 1593 1161 1652; x_wconf 91' lang='lat' dir='ltr'>quorum</span> <span class='ocrx_word' id='word_1_96' title='bbox 1197 1572 1354 1631; x_wconf 90' lang='lat' dir='ltr'>alter</span> <span class='ocrx_word' id='word_1_97' title='bbox 1390 1579 1482 1632; x_wconf 92' lang='lat' dir='ltr'>est</span> <span class='ocrx_word' id='word_1_98' title='bbox 1519 1571 1596 1631; x_wconf 88' lang='lat' dir='ltr'>ab</span> <span class='ocrx_word' id='word_1_99' title='bbox 1635 1571 1683 1630; x_wconf 90' lang='lat' dir='ltr'><strong>F</strong></span> <span class='ocrx_word' id='word_1_100' title='bbox 1719 1570 1799 1630; x_wconf 87' lang='lat' dir='ltr'>ad</span> <span class='ocrx_word' id='word_1_101' title='bbox 1827 1571 1899 1643; x_wconf 92' lang='lat' dir='ltr'>E,</span> 
     </span>
    </p>

    <p class='ocr_par' dir='ltr' id='par_1_10' title="bbox 158 1666 1901 1746">
     <span class='ocr_line' id='line_1_14' title="bbox 158 1666 1901 1746; baseline -0.002 -18"><span class='ocrx_word' id='word_1_102' title='bbox 158 1669 314 1729; x_wconf 91' lang='lat' dir='ltr'>alter</span> <span class='ocrx_word' id='word_1_103' title='bbox 339 1668 417 1729; x_wconf 89' lang='lat' dir='ltr'>ab</span> <span class='ocrx_word' id='word_1_104' title='bbox 447 1669 498 1727; x_wconf 92' lang='lat' dir='ltr'><strong>E</strong></span> <span class='ocrx_word' id='word_1_105' title='bbox 528 1667 607 1727; x_wconf 90' lang='lat' dir='ltr'>ad</span> <span class='ocrx_word' id='word_1_106' title='bbox 638 1668 720 1739; x_wconf 88' lang='lat' dir='ltr'>H,</span> <span class='ocrx_word' id='word_1_107' title='bbox 753 1676 1132 1746; x_wconf 90' lang='lat' dir='ltr'>componunt</span> <span class='ocrx_word' id='word_1_108' title='bbox 1157 1687 1350 1727; x_wconf 92' lang='lat' dir='ltr'>unum</span> <span class='ocrx_word' id='word_1_109' title='bbox 1380 1674 1616 1726; x_wconf 93' lang='lat' dir='ltr'>motum</span> <span class='ocrx_word' id='word_1_110' title='bbox 1645 1666 1708 1725; x_wconf 92' lang='lat' dir='ltr'>in</span> <span class='ocrx_word' id='word_1_111' title='bbox 1730 1673 1901 1725; x_wconf 92' lang='lat' dir='ltr'>recta</span> 
     </span>
    </p>

    <p class='ocr_par' dir='ltr' id='par_1_11' title="bbox 157 1761 1898 1918">
     <span class='ocr_line' id='line_1_15' title="bbox 158 1761 1898 1843; baseline -0.002 -20"><span class='ocrx_word' id='word_1_112' title='bbox 158 1763 306 1837; x_wconf 91' lang='lat' dir='ltr'>GH,</span> <span class='ocrx_word' id='word_1_113' title='bbox 337 1783 474 1843; x_wconf 86' lang='lat' dir='ltr'>quae</span> <span class='ocrx_word' id='word_1_114' title='bbox 501 1762 652 1822; x_wconf 88' lang='lat' dir='ltr'>facit</span> <span class='ocrx_word' id='word_1_115' title='bbox 690 1763 982 1842; x_wconf 84' lang='lat' dir='ltr'>angulum</span> <span class='ocrx_word' id='word_1_116' title='bbox 1024 1783 1166 1822; x_wconf 91' lang='lat' dir='ltr'>cum</span> <span class='ocrx_word' id='word_1_117' title='bbox 1199 1761 1314 1822; x_wconf 88' lang='lat' dir='ltr'>BG</span> <span class='ocrx_word' id='word_1_118' title='bbox 1344 1761 1639 1841; x_wconf 81' lang='lat' dir='ltr'>aequalem</span> <span class='ocrx_word' id='word_1_119' title='bbox 1671 1761 1898 1839; x_wconf 86' lang='lat' dir='ltr'>angulo</span> 
     </span>
     <span class='ocr_line' id='line_1_16' title="bbox 157 1857 728 1918; baseline -0.004 0"><span class='ocrx_word' id='word_1_120' title='bbox 157 1857 508 1918; x_wconf 80' lang='lat' dir='ltr'>incidentiae</span> <span class='ocrx_word' id='word_1_121' title='bbox 538 1858 728 1917; x_wconf 89' lang='lat' dir='ltr'><strong>FGE.</strong></span> 
     </span>
    </p>

    <p class='ocr_par' dir='ltr' id='par_1_12' title="bbox 157 1951 1907 2598">
     <span class='ocr_line' id='line_1_17' title="bbox 246 1951 1903 2031; baseline -0.001 -19"><span class='ocrx_word' id='word_1_122' title='bbox 246 1951 369 2012; x_wconf 85' lang='lat' dir='ltr'>Sed</span> <span class='ocrx_word' id='word_1_123' title='bbox 396 1953 460 2011; x_wconf 93' lang='lat' dir='ltr'>in</span> <span class='ocrx_word' id='word_1_124' title='bbox 492 1953 904 2031; x_wconf 81' lang='lat' dir='ltr'>percussione,</span> <span class='ocrx_word' id='word_1_125' title='bbox 938 1952 1132 2031; x_wconf 85' lang='lat' dir='ltr'>qualis</span> <span class='ocrx_word' id='word_1_126' title='bbox 1158 1963 1250 2012; x_wconf 89' lang='lat' dir='ltr'>est</span> <span class='ocrx_word' id='word_1_127' title='bbox 1279 1964 1482 2012; x_wconf 89' lang='lat' dir='ltr'>motus</span> <span class='ocrx_word' id='word_1_128' title='bbox 1511 1951 1653 2030; x_wconf 84' lang='lat' dir='ltr'>pilae</span> <span class='ocrx_word' id='word_1_129' title='bbox 1685 1959 1903 2010; x_wconf 89' lang='lat' dir='ltr'>contra</span> 
     </span>
     <span class='ocr_line' id='line_1_18' title="bbox 160 2047 1905 2127; baseline -0.001 -21"><span class='ocrx_word' id='word_1_130' title='bbox 160 2047 482 2127; x_wconf 88' lang='lat' dir='ltr'>parietem,</span> <span class='ocrx_word' id='word_1_131' title='bbox 518 2067 702 2126; x_wconf 90' lang='lat' dir='ltr'>quam</span> <span class='ocrx_word' id='word_1_132' title='bbox 732 2047 1000 2126; x_wconf 90' lang='lat' dir='ltr'>primum</span> <span class='ocrx_word' id='word_1_133' title='bbox 1040 2047 1166 2126; x_wconf 90' lang='lat' dir='ltr'>pila</span> <span class='ocrx_word' id='word_1_134' title='bbox 1204 2047 1635 2126; x_wconf 89' lang='lat' dir='ltr'>repercutitur,</span> <span class='ocrx_word' id='word_1_135' title='bbox 1665 2056 1905 2126; x_wconf 92' lang='lat' dir='ltr'>partem</span> 
     </span>
     <span class='ocr_line' id='line_1_19' title="bbox 158 2141 1903 2221; baseline -0.001 -19"><span class='ocrx_word' id='word_1_136' title='bbox 158 2141 501 2202; x_wconf 86' lang='lat' dir='ltr'>velocitatis</span> <span class='ocrx_word' id='word_1_137' title='bbox 552 2162 678 2202; x_wconf 86' lang='lat' dir='ltr'>suae</span> <span class='ocrx_word' id='word_1_138' title='bbox 726 2142 973 2213; x_wconf 88' lang='lat' dir='ltr'>amittit,</span> <span class='ocrx_word' id='word_1_139' title='bbox 1021 2152 1359 2221; x_wconf 90' lang='lat' dir='ltr'>vergetque</span> <span class='ocrx_word' id='word_1_140' title='bbox 1399 2142 1477 2202; x_wconf 89' lang='lat' dir='ltr'>ad</span> <span class='ocrx_word' id='word_1_141' title='bbox 1521 2151 1749 2201; x_wconf 87' lang='lat' dir='ltr'>terram</span> <span class='ocrx_word' id='word_1_142' title='bbox 1793 2161 1903 2200; x_wconf 91' lang='lat' dir='ltr'>suo</span> 
     </span>
     <span class='ocr_line' id='line_1_20' title="bbox 157 2236 1906 2316; baseline -0.001 -20"><span class='ocrx_word' id='word_1_143' title='bbox 157 2236 449 2316; x_wconf 89' lang='lat' dir='ltr'>pondere.</span> <span class='ocrx_word' id='word_1_144' title='bbox 537 2237 633 2297; x_wconf 87' lang='lat' dir='ltr'>Ita</span> <span class='ocrx_word' id='word_1_145' title='bbox 663 2246 731 2296; x_wconf 92' lang='lat' dir='ltr'>ut</span> <span class='ocrx_word' id='word_1_146' title='bbox 770 2236 981 2315; x_wconf 89' lang='lat' dir='ltr'>anguli</span> <span class='ocrx_word' id='word_1_147' title='bbox 1012 2256 1163 2314; x_wconf 88' lang='lat' dir='ltr'>quos</span> <span class='ocrx_word' id='word_1_148' title='bbox 1192 2236 1424 2296; x_wconf 87' lang='lat' dir='ltr'>faciunt</span> <span class='ocrx_word' id='word_1_149' title='bbox 1471 2237 1811 2296; x_wconf 89' lang='lat' dir='ltr'>incidentes</span> <span class='ocrx_word' id='word_1_150' title='bbox 1842 2244 1906 2294; x_wconf 93' lang='lat' dir='ltr'>et</span> 
     </span>
     <span class='ocr_line' id='line_1_21' title="bbox 160 2330 1906 2411; baseline -0.001 -20"><span class='ocrx_word' id='word_1_151' title='bbox 160 2330 523 2410; x_wconf 87' lang='lat' dir='ltr'>repercussi,</span> <span class='ocrx_word' id='word_1_152' title='bbox 565 2331 827 2411; x_wconf 80' lang='lat' dir='ltr'>aequales</span> <span class='ocrx_word' id='word_1_153' title='bbox 869 2351 1000 2391; x_wconf 91' lang='lat' dir='ltr'>esse</span> <span class='ocrx_word' id='word_1_154' title='bbox 1044 2352 1171 2391; x_wconf 91' lang='lat' dir='ltr'>non</span> <span class='ocrx_word' id='word_1_155' title='bbox 1213 2332 1470 2410; x_wconf 86' lang='lat' dir='ltr'>possint,</span> <span class='ocrx_word' id='word_1_156' title='bbox 1501 2332 1620 2391; x_wconf 86' lang='lat' dir='ltr'>nisi</span> <span class='ocrx_word' id='word_1_157' title='bbox 1660 2350 1906 2390; x_wconf 91' lang='lat' dir='ltr'>mensu-</span> 
     </span>
     <span class='ocr_line' id='line_1_22' title="bbox 161 2425 1907 2505; baseline -0.001 -20"><span class='ocrx_word' id='word_1_158' title='bbox 161 2434 375 2485; x_wconf 90' lang='lat' dir='ltr'>rentur</span> <span class='ocrx_word' id='word_1_159' title='bbox 421 2444 614 2505; x_wconf 91' lang='lat' dir='ltr'>prope</span> <span class='ocrx_word' id='word_1_160' title='bbox 663 2435 965 2505; x_wconf 90' lang='lat' dir='ltr'>punctum</span> <span class='ocrx_word' id='word_1_161' title='bbox 1015 2426 1268 2504; x_wconf 89' lang='lat' dir='ltr'>parietis</span> <span class='ocrx_word' id='word_1_162' title='bbox 1314 2426 1377 2485; x_wconf 91' lang='lat' dir='ltr'>in</span> <span class='ocrx_word' id='word_1_163' title='bbox 1426 2445 1548 2504; x_wconf 93' lang='lat' dir='ltr'>quo</span> <span class='ocrx_word' id='word_1_164' title='bbox 1597 2425 1766 2485; x_wconf 90' lang='lat' dir='ltr'>facta</span> <span class='ocrx_word' id='word_1_165' title='bbox 1811 2433 1907 2484; x_wconf 89' lang='lat' dir='ltr'>est</span> 
     </span>
     <span class='ocr_line' id='line_1_23' title="bbox 161 2538 490 2598; baseline 0.003 -20"><span class='ocrx_word' id='word_1_166' title='bbox 161 2538 490 2598; x_wconf 80' lang='lat' dir='ltr'>percusslo.</span> 
     </span>
    </p>

    <p class='ocr_par' dir='ltr' id='par_1_13' title="bbox 167 2613 1918 2974">
     <span class='ocr_line' id='line_1_24' title="bbox 249 2613 1907 2694; baseline 0 -22"><span class='ocrx_word' id='word_1_167' title='bbox 249 2613 330 2672; x_wconf 88' lang='lat' dir='ltr'>A.</span> <span class='ocrx_word' id='word_1_168' title='bbox 377 2613 442 2672; x_wconf 88' lang='lat' dir='ltr'>Si</span> <span class='ocrx_word' id='word_1_169' title='bbox 470 2613 679 2673; x_wconf 91' lang='lat' dir='ltr'>tabula</span> <span class='ocrx_word' id='word_1_170' title='bbox 708 2614 980 2693; x_wconf 84' lang='lat' dir='ltr'>erigatur</span> <span class='ocrx_word' id='word_1_171' title='bbox 1012 2634 1194 2694; x_wconf 92' lang='lat' dir='ltr'>super</span> <span class='ocrx_word' id='word_1_172' title='bbox 1223 2615 1474 2694; x_wconf 90' lang='lat' dir='ltr'>planum</span> <span class='ocrx_word' id='word_1_173' title='bbox 1506 2614 1773 2693; x_wconf 90' lang='lat' dir='ltr'>aliquod,</span> <span class='ocrx_word' id='word_1_174' title='bbox 1794 2614 1907 2674; x_wconf 87' lang='lat' dir='ltr'>etsi</span> 
     </span>
     <span class='ocr_line' id='line_1_25' title="bbox 167 2706 1908 2788; baseline 0.001 -22"><span class='ocrx_word' id='word_1_175' title='bbox 167 2706 349 2786; x_wconf 89' lang='lat' dir='ltr'>dejici</span> <span class='ocrx_word' id='word_1_176' title='bbox 396 2708 574 2767; x_wconf 88' lang='lat' dir='ltr'>facile</span> <span class='ocrx_word' id='word_1_177' title='bbox 619 2719 825 2787; x_wconf 93' lang='lat' dir='ltr'>potest</span> <span class='ocrx_word' id='word_1_178' title='bbox 876 2709 1061 2768; x_wconf 88' lang='lat' dir='ltr'>etiam</span> <span class='ocrx_word' id='word_1_179' title='bbox 1104 2730 1141 2769; x_wconf 94' lang='lat' dir='ltr'>a</span> <span class='ocrx_word' id='word_1_180' title='bbox 1181 2710 1311 2769; x_wconf 89' lang='lat' dir='ltr'>solo</span> <span class='ocrx_word' id='word_1_181' title='bbox 1362 2709 1558 2788; x_wconf 85' lang='lat' dir='ltr'>digito</span> <span class='ocrx_word' id='word_1_182' title='bbox 1607 2709 1908 2788; x_wconf 40' lang='lat' dir='ltr'>pressus&amp;</span> 
     </span>
     <span class='ocr_line' id='line_1_26' title="bbox 167 2801 1918 2884; baseline 0.001 -24"><span class='ocrx_word' id='word_1_183' title='bbox 167 2801 292 2880; x_wconf 88' lang='lat' dir='ltr'>pila</span> <span class='ocrx_word' id='word_1_184' title='bbox 307 2811 513 2861; x_wconf 91' lang='lat' dir='ltr'>tamen</span> <span class='ocrx_word' id='word_1_185' title='bbox 542 2823 581 2862; x_wconf 90' lang='lat' dir='ltr'>a</span> <span class='ocrx_word' id='word_1_186' title='bbox 608 2813 954 2881; x_wconf 88' lang='lat' dir='ltr'>musquetto</span> <span class='ocrx_word' id='word_1_187' title='bbox 979 2824 1114 2863; x_wconf 91' lang='lat' dir='ltr'>eam</span> <span class='ocrx_word' id='word_1_188' title='bbox 1139 2825 1263 2864; x_wconf 91' lang='lat' dir='ltr'>non</span> <span class='ocrx_word' id='word_1_189' title='bbox 1297 2804 1544 2884; x_wconf 88' lang='lat' dir='ltr'>dejiciet</span> <span class='ocrx_word' id='word_1_190' title='bbox 1574 2804 1681 2863; x_wconf 89' lang='lat' dir='ltr'>sed</span> <span class='ocrx_word' id='word_1_191' title='bbox 1711 2802 1918 2863; x_wconf 49' lang='lat' dir='ltr'>trans?</span> 
     </span>
     <span class='ocr_line' id='line_1_27' title="bbox 171 2894 1127 2974; baseline 0.003 -20"><span class='ocrx_word' id='word_1_192' title='bbox 171 2894 402 2974; x_wconf 88' lang='lat' dir='ltr'>adiget.</span> <span class='ocrx_word' id='word_1_193' title='bbox 492 2896 694 2957; x_wconf 77' lang='lat' dir='ltr'>Quam</span> <span class='ocrx_word' id='word_1_194' title='bbox 725 2898 802 2956; x_wconf 91' lang='lat' dir='ltr'>ob</span> <span class='ocrx_word' id='word_1_195' title='bbox 834 2898 1127 2957; x_wconf 76' lang='lat' dir='ltr'>causam?</span> 
     </span>
    </p>

    <p class='ocr_par' dir='ltr' id='par_1_14' title="bbox 171 2989 1911 3542">
     <span class='ocr_line' id='line_1_28' title="bbox 257 2989 1904 3073; baseline 0.001 -24"><span class='ocrx_word' id='word_1_196' title='bbox 257 2989 338 3050; x_wconf 88' lang='grc' dir='ltr'>Β.</span> <span class='ocrx_word' id='word_1_197' title='bbox 383 2991 547 3049; x_wconf 91' lang='lat' dir='ltr'>Dum</span> <span class='ocrx_word' id='word_1_198' title='bbox 577 2991 848 3051; x_wconf 88' lang='lat' dir='ltr'>tabulam</span> <span class='ocrx_word' id='word_1_199' title='bbox 893 2992 1086 3071; x_wconf 91' lang='lat' dir='ltr'>digito</span> <span class='ocrx_word' id='word_1_200' title='bbox 1129 2993 1344 3072; x_wconf 91' lang='lat' dir='ltr'>dejicis</span> <span class='ocrx_word' id='word_1_201' title='bbox 1396 3004 1637 3073; x_wconf 85' lang='lat' dir='ltr'>tempus</span> <span class='ocrx_word' id='word_1_202' title='bbox 1685 3012 1904 3052; x_wconf 90' lang='lat' dir='ltr'>consu-</span> 
     </span>
     <span class='ocr_line' id='line_1_29' title="bbox 171 3084 1909 3166; baseline 0.001 -23"><span class='ocrx_word' id='word_1_203' title='bbox 171 3085 378 3156; x_wconf 93' lang='lat' dir='ltr'>mitur,</span> <span class='ocrx_word' id='word_1_204' title='bbox 410 3084 558 3143; x_wconf 93' lang='lat' dir='ltr'>dum</span> <span class='ocrx_word' id='word_1_205' title='bbox 586 3095 807 3158; x_wconf 82' lang='lat' dir='ltr'>motuS,</span> <span class='ocrx_word' id='word_1_206' title='bbox 841 3106 1022 3164; x_wconf 92' lang='lat' dir='ltr'>quem</span> <span class='ocrx_word' id='word_1_207' title='bbox 1066 3088 1229 3166; x_wconf 89' lang='lat' dir='ltr'>parti</span> <span class='ocrx_word' id='word_1_208' title='bbox 1270 3088 1566 3166; x_wconf 90' lang='lat' dir='ltr'>imprimis</span> <span class='ocrx_word' id='word_1_209' title='bbox 1598 3108 1778 3166; x_wconf 89' lang='lat' dir='ltr'>quam</span> <span class='ocrx_word' id='word_1_210' title='bbox 1818 3086 1909 3144; x_wconf 91' lang='lat' dir='ltr'>di-</span> 
     </span>
     <span class='ocr_line' id='line_1_30' title="bbox 173 3177 1911 3258; baseline 0.001 -22"><span class='ocrx_word' id='word_1_211' title='bbox 173 3179 306 3257; x_wconf 87' lang='lat' dir='ltr'>gito</span> <span class='ocrx_word' id='word_1_212' title='bbox 338 3177 559 3256; x_wconf 81' lang='lat' dir='ltr'>tangiS,</span> <span class='ocrx_word' id='word_1_213' title='bbox 593 3180 830 3238; x_wconf 86' lang='lat' dir='ltr'>caeteris</span> <span class='ocrx_word' id='word_1_214' title='bbox 859 3181 1137 3258; x_wconf 88' lang='lat' dir='ltr'>partibus</span> <span class='ocrx_word' id='word_1_215' title='bbox 1162 3183 1443 3242; x_wconf 92' lang='lat' dir='ltr'>omnibus</span> <span class='ocrx_word' id='word_1_216' title='bbox 1474 3180 1911 3242; x_wconf 90' lang='lat' dir='ltr'>communicari</span> 
     </span>
     <span class='ocr_line' id='line_1_31' title="bbox 173 3271 1906 3354; baseline 0.001 -24"><span class='ocrx_word' id='word_1_217' title='bbox 173 3271 386 3350; x_wconf 88' lang='lat' dir='ltr'>possit.</span> <span class='ocrx_word' id='word_1_218' title='bbox 474 3271 720 3350; x_wconf 92' lang='lat' dir='ltr'>Alioqui</span> <span class='ocrx_word' id='word_1_219' title='bbox 750 3273 912 3331; x_wconf 92' lang='lat' dir='ltr'>enim</span> <span class='ocrx_word' id='word_1_220' title='bbox 943 3294 1066 3334; x_wconf 90' lang='lat' dir='ltr'>non</span> <span class='ocrx_word' id='word_1_221' title='bbox 1097 3274 1458 3354; x_wconf 89' lang='lat' dir='ltr'>dejicietur:</span> <span class='ocrx_word' id='word_1_222' title='bbox 1490 3287 1691 3336; x_wconf 91' lang='lat' dir='ltr'>totum</span> <span class='ocrx_word' id='word_1_223' title='bbox 1723 3275 1906 3346; x_wconf 89' lang='lat' dir='ltr'>enim,</span> 
     </span>
     <span class='ocr_line' id='line_1_32' title="bbox 174 3365 1908 3449; baseline 0.002 -26"><span class='ocrx_word' id='word_1_224' title='bbox 174 3365 294 3424; x_wconf 90' lang='lat' dir='ltr'>nisi</span> <span class='ocrx_word' id='word_1_225' title='bbox 350 3365 631 3424; x_wconf 85' lang='lat' dir='ltr'>omnibus</span> <span class='ocrx_word' id='word_1_226' title='bbox 689 3367 965 3443; x_wconf 88' lang='lat' dir='ltr'>partibus</span> <span class='ocrx_word' id='word_1_227' title='bbox 1017 3370 1217 3442; x_wconf 91' lang='lat' dir='ltr'>motis,</span> <span class='ocrx_word' id='word_1_228' title='bbox 1271 3371 1452 3449; x_wconf 91' lang='lat' dir='ltr'>dejici</span> <span class='ocrx_word' id='word_1_229' title='bbox 1505 3391 1629 3430; x_wconf 92' lang='lat' dir='ltr'>non</span> <span class='ocrx_word' id='word_1_230' title='bbox 1684 3376 1908 3448; x_wconf 89' lang='lat' dir='ltr'>potest.</span> 
     </span>
     <span class='ocr_line' id='line_1_33' title="bbox 177 3459 1909 3542; baseline 0.002 -25"><span class='ocrx_word' id='word_1_231' title='bbox 177 3459 320 3518; x_wconf 88' lang='lat' dir='ltr'>Pilae</span> <span class='ocrx_word' id='word_1_232' title='bbox 350 3468 556 3518; x_wconf 91' lang='lat' dir='ltr'>autem</span> <span class='ocrx_word' id='word_1_233' title='bbox 584 3461 892 3538; x_wconf 90' lang='lat' dir='ltr'>percussio</span> <span class='ocrx_word' id='word_1_234' title='bbox 923 3473 1096 3522; x_wconf 88' lang='lat' dir='ltr'>tanta</span> <span class='ocrx_word' id='word_1_235' title='bbox 1124 3465 1195 3524; x_wconf 90' lang='lat' dir='ltr'>fit</span> <span class='ocrx_word' id='word_1_236' title='bbox 1217 3465 1548 3539; x_wconf 89' lang='lat' dir='ltr'>celeritate,</span> <span class='ocrx_word' id='word_1_237' title='bbox 1572 3475 1642 3524; x_wconf 93' lang='lat' dir='ltr'>ut</span> <span class='ocrx_word' id='word_1_238' title='bbox 1671 3471 1909 3542; x_wconf 87' lang='lat' dir='ltr'>partem</span> 
     </span>
    </p>
   </div>
   <div class='ocr_carea' id='block_1_3' title="bbox 347 3668 1742 3810">
    <p class='ocr_par' dir='ltr' id='par_1_15' title="bbox 347 3668 1742 3810">
     <span class='ocr_line' id='line_1_34' title="bbox 712 3668 1395 3722; baseline 0.003 -4"><span class='ocrx_word' id='word_1_239' title='bbox 712 3668 738 3694; x_wconf 57' lang='lat'>*⁶</span> <span class='ocrx_word' id='word_1_240' title='bbox 775 3669 855 3718; x_wconf 85' lang='lat' dir='ltr'>Sic</span> <span class='ocrx_word' id='word_1_241' title='bbox 879 3671 993 3719; x_wconf 90' lang='lat' dir='ltr'>edit.</span> <span class='ocrx_word' id='word_1_242' title='bbox 1024 3675 1149 3720; x_wconf 88' lang='grc'>1662</span> <span class='ocrx_word' id='word_1_243' title='bbox 1175 3682 1224 3721; x_wconf 88' lang='grc' dir='ltr'>θῖ</span> <span class='ocrx_word' id='word_1_244' title='bbox 1255 3677 1395 3722; x_wconf 89' lang='lat'>1668.</span> 
     </span>
     <span class='ocr_line' id='line_1_35' title="bbox 347 3765 1742 3810; baseline 0.003 -4"><span class='ocrx_word' id='word_1_245' title='bbox 347 3765 503 3807; x_wconf 86' lang='lat' dir='ltr'><strong>VOL.</strong></span> <span class='ocrx_word' id='word_1_246' title='bbox 537 3765 630 3807; x_wconf 86' lang='lat' dir='ltr'>lv.</span> <span class='ocrx_word' id='word_1_247' title='bbox 1624 3768 1667 3809; x_wconf 92' lang='lat' dir='ltr'><strong>A</strong></span> <span class='ocrx_word' id='word_1_248' title='bbox 1699 3768 1742 3810; x_wconf 88' lang='lat' dir='ltr'>A</span> 
     </span>
    </p>
   </div>
  </div>
 </body>
</html>
