2462 4120
780 345 1081 388 CURATIO
1117 346 1433 389 SPHAERAE.
1841 341 1958 394 499

326 479 549 540 Coroll.
575 501 632 541 v.
678 482 910 541 Eadem
941 482 1034 541 Ae
1064 484 1312 560 aequalis
1352 495 1444 544 est
1473 486 1704 548 duabus
1736 490 1961 567 quintis
2015 512 2152 544 PROP.
2180 511 2286 544 vm.

235 595 414 636 arcus
443 574 564 636 BC.
656 575 816 635 Nam
848 576 1148 655 quadrata
1176 597 1213 636 a
1237 578 1331 650 Gi,
1357 579 1486 648 AC,
1511 582 1617 654 Ae,
1642 594 1783 642 sunt
1808 580 1862 659 ξ-Ϊζ,
1887 583 1960 660 ¹3⁰,
2029 569 2262 596 *γυ

237 681 300 732 et
322 670 406 746 ἐς.
495 670 701 731 Quare
731 671 892 730 latus
924 670 1019 730 Ae
1049 680 1142 730 est
1179 669 1233 745 ξ
1251 692 1425 732 arcus
1455 673 1577 735 BC.

321 763 677 825 Notandum
697 765 860 844 quod
881 776 1066 825 rectae
1087 766 1183 836 Gi,
1205 764 1335 838 AC,
1357 766 1450 826 Ae
1467 769 1787 847 dupliciter
1805 774 1962 832 aesti-

235 870 518 920 mantur:
559 879 683 919 uno
724 860 906 920 modo
950 880 1062 940 per
1103 868 1308 938 partes
1351 881 1527 922 arcus
1558 862 1678 934 BC,
1709 866 1825 925 alio
1855 887 1962 945 per

235 964 444 1035 partes
473 954 629 1015 radii
660 953 790 1016 AC.

829 1215 1244 1257 PROPOSITIO
1281 1217 1380 1258 IX.

324 1332 395 1394 Si
428 1353 468 1393 a
494 1340 732 1414 puncto
768 1352 810 1392 n
841 1333 1109 1393 ducatur
1147 1341 1325 1393 reeta
1360 1354 1465 1394 nm
1483 1335 1815 1416 parallela
1845 1337 1964 1409 CG,

237 1448 456 1488 secans
485 1427 592 1487 AC
622 1426 684 1486 in
714 1447 811 1486 m:
858 1426 998 1487 dico
1021 1435 1257 1507 septem
1286 1437 1489 1488 rectas
1520 1429 1648 1503 AC,
1671 1430 1815 1504 AY,
1840 1431 1965 1505 AZ,

239 1523 362 1597 Ah,
387 1522 501 1596 Ae,
522 1520 663 1593 Am,
689 1520 813 1593 Ak,
837 1541 971 1580 esse
992 1521 1269 1581 continue
1278 1524 1801 1605 proportionales,

323 1618 483 1677 Cum
513 1615 677 1675 enim
707 1613 836 1688 AC,
854 1615 991 1689 AY,
1013 1615 1120 1675 AZ
1151 1616 1272 1677 sint
1307 1619 1595 1678 continue
1629 1621 1971 1698 proportio-

239 1713 426 1786 naleS,
449 1731 560 1791 per
583 1711 1131 1771 constructionem:
1164 1723 1591 1794 ostensumque
1615 1716 1693 1774 sit
1712 1715 1836 1788 AZ,
1857 1715 1968 1789 Ah,

239 1807 333 1867 Ae
387 1826 518 1867 esse
570 1807 862 1866 continue
916 1809 1429 1886 proportionales:
1487 1810 1701 1889 positis
1759 1811 1971 1870 ordine

241 1902 684 1982 quantitatibus
713 1901 841 1973 AC,
866 1900 1009 1975 AY,
1037 1902 1157 1976 AZ,
1182 1903 1297 1978 Ah,
1318 1904 1428 1978 Ae,
1453 1904 1609 1964 ratio
1636 1905 1743 1964 AC
1773 1906 1852 1964 ad
1881 1906 1973 1964 Ae

242 1996 362 2056 erit
409 1997 545 2076 (per
578 1997 750 2056 Eucl.
782 1997 904 2057 xiv.
936 1998 1043 2073 28)
1093 1998 1404 2078 duplicata
1447 2000 1698 2059 rationis
1728 1999 1851 2059 AY
1894 2001 1974 2060 ad

243 2092 368 2154 Ah.
442 2093 565 2154 Sed
594 2093 751 2153 ratio
775 2091 901 2152 AY
925 2093 1003 2153 ad
1020 2092 1128 2153 AZ
1153 2094 1576 2173 subduplicata
1598 2103 1690 2153 est
1719 2095 1972 2153 rationis

242 2186 353 2250 AC
383 2189 464 2249 ad
491 2188 620 2248 AZ.
681 2188 888 2249 Quare
910 2188 1067 2248 ratio
1093 2187 1219 2248 AY
1238 2189 1316 2248 ad
1339 2189 1465 2261 AZ,
1486 2189 1697 2248 eadem
1721 2199 1811 2248 est
1834 2210 1974 2248 cum

242 2284 481 2343 ratione
512 2282 619 2341 AZ
651 2282 730 2342 ad
759 2282 860 2342 Ah
888 2282 986 2342 vel
1015 2281 1115 2341 Alz
1154 2283 1231 2342 ad
1262 2282 1374 2342 Ae.
1465 2284 1623 2342 Sunt
1666 2303 1811 2361 ergo
1843 2282 1971 2356 AC,

243 2376 391 2452 AY,
424 2377 553 2450 AZ,
573 2376 690 2451 Ah,
712 2376 807 2436 Ae
838 2377 1126 2437 continue
1155 2378 1658 2456 proportionales,
1722 2378 1973 2448 RurSUS,

241 2473 386 2554 quia
434 2471 564 2546 AG,
617 2472 738 2546 Ah,
786 2471 885 2531 Ak
935 2481 1078 2532 sunt
1128 2473 1418 2532 continue
1462 2471 1974 2551 proportionales:

250 2569 420 2646 (nam
443 2567 544 2627 Ab
561 2568 805 2647 aequalis
836 2577 929 2627 est
953 2567 1222 2628 dimidiae
1243 2567 1549 2647 diagonali
1568 2565 1707 2639 AG)
1733 2590 1745 2625 ε
1770 2577 1829 2626 et
1847 2566 1973 2640 AZ,

246 2662 370 2737 Ah,
395 2662 491 2722 Ae
519 2671 664 2722 sunt
687 2671 948 2723 ostensae
978 2663 1268 2723 continue
1297 2663 1815 2742 proportionales:
1861 2661 1976 2720 erit

242 2766 316 2817 ut
347 2755 457 2818 AG
482 2756 563 2816 ad
591 2755 720 2830 AZ,
751 2758 840 2816 ita
867 2758 1181 2837 reciproce
1211 2756 1307 2816 Ae
1336 2756 1415 2816 ad
1446 2756 1563 2816 Alc.

0 2804 34 2959 ἓ
333 2851 496 2913 Quia
514 2851 778 2931 denique
802 2861 926 2912 tres
947 2862 1136 2913 rectae
1155 2851 1272 2925 Ab,
1296 2851 1416 2924 An,
1445 2851 1535 2910 Al
1553 2862 1695 2911 sunt
1718 2850 1978 2928 aequales

0 2946 23 2988 ’ἕ
244 2946 442 3007 tribus
461 2944 608 3019 AY,
629 2945 757 3020 AZ,
783 2945 883 3005 Ah
900 2948 1188 3007 continue
1207 2946 1777 3026 proportionalibUS,
1798 2946 1980 3004 etiam

0 2980 28 3193 ἓ
245 3042 396 3122 ipsae
429 3050 574 3101 sunt
604 3041 894 3100 continue
924 3041 1431 3121 proportionales,

333 3136 493 3196 Sunt
538 3155 685 3214 ergo
731 3146 965 3215 septem
1004 3146 1188 3196 rectae
1217 3134 1346 3209 AC,
1379 3134 1524 3208 AY,
1556 3134 1683 3208 AZ,
1715 3133 1830 3206 Ah,
1866 3132 1979 3205 Ae,

247 3229 388 3303 Am,
412 3229 512 3290 Alc
540 3231 830 3291 continue
859 3230 1363 3310 proportionales

330 3325 674 3404 Propositio
693 3326 825 3385 haec
845 3325 976 3385 sine
995 3325 1115 3383 alia
1134 3322 1650 3382 demonstratione
1671 3319 1983 3397 perspicua

257 3427 352 3478 est
377 3419 454 3478 ab
484 3419 616 3498 ipso
648 3419 1040 3498 diagramatis
1083 3418 1329 3477 intuitu.
1416 3414 1792 3494 Impossibile
1823 3414 1982 3472 enim

250 3521 346 3573 est
371 3522 442 3572 ut
465 3523 702 3592 septem
732 3522 917 3572 rectae
949 3511 1237 3571 continue
1266 3508 1747 3589 proportionales
1771 3508 1889 3565 sint
1922 3508 1984 3565 in

253 3608 495 3669 ratione
529 3608 633 3668 CG
669 3608 749 3669 ad
790 3606 916 3681 QY,
949 3606 1067 3666 nisi
1111 3625 1288 3666 arcus
1329 3603 1406 3664 ab
1447 3601 1842 3663 antecedente
1881 3601 1984 3659 de-

1652 3715 1695 3753 K
1724 3714 1769 3754 K
1803 3710 1825 3744 ἱ)
