2462 4120
506 348 628 404 450
739 360 827 401 DE
862 361 1246 405 PRINCIPIIS
1282 363 1366 405 ET
1399 365 2003 407 RATIOCINATloNE

193 519 304 553 CAP.
332 520 438 552 xx1.
507 500 722 575 draca,
752 510 1097 564 extractum
1128 525 1264 565 esse
1293 526 1603 565 numerum
1634 506 1938 566 linearum
1959 505 2144 566 .·—Si·
2168 528 2245 566 ex

505 614 752 654 numero
784 596 1067 657 cuborum
1095 600 1470 658 extrahatur
1516 601 1707 660 radix
1737 600 1970 674 cubica,
2001 608 2246 660 emime-

504 695 627 747 tum
657 710 962 750 numerum
992 712 1126 750 esse
1155 691 1456 751 linearum
1477 694 1879 752 .·—szctum
1910 714 2046 752 esse
2067 694 2243 768 nihil,

500 791 564 841 et
615 782 837 843 lineam
887 784 1031 846 duci
1068 805 1263 865 posse
1307 807 1432 864 quoe
1482 786 1710 846 nullam
1756 787 1979 846 habeat
2025 787 2243 848 latitu-

497 876 717 938 dinem.

583 971 709 1033 Qui
729 973 1209 1051 propositionem
1232 973 1393 1033 hanc
1417 973 1648 1052 primus
1673 974 1967 1047 exhibuit,
1993 974 2242 1035 demon-

497 1068 715 1127 stravit
759 1067 928 1127 illam
968 1069 1149 1146 juxta
1195 1068 1553 1127 methodum
1600 1068 1922 1128 Corollarii
1962 1069 2240 1148 proxime

495 1161 923 1240 praecedentiS,
970 1163 1088 1222 hoc
1125 1162 1346 1221 modo:
1394 1162 1588 1221 diviso
1619 1181 1767 1221 arcu
1810 1163 1918 1222 BG
1957 1163 2242 1223 bifariam

495 1255 560 1315 in
591 1277 643 1329 6,
675 1256 850 1316 duxit
879 1256 1080 1315 sinum
1110 1275 1287 1314 arcus
1321 1255 1421 1328 be,
1465 1274 1647 1333 que-m
1677 1255 1877 1314 sinum
1909 1255 2243 1334 duplicavit

494 1350 842 1428 producens
873 1349 952 1409 ad
991 1370 1042 1408 6.
1133 1348 1372 1408 Deinde
1414 1348 1663 1408 ductam
1692 1349 1795 1422 1G,
1830 1349 2032 1408 sinum
2063 1369 2241 1410 arcus

497 1445 622 1517 BG,
653 1445 935 1504 bifariam
971 1444 1165 1503 secuit
1193 1443 1256 1502 in
1283 1463 1334 1523 g
1363 1469 1376 1512 ;
1417 1444 1786 1522 junctasque
1816 1465 1924 1525 cg,
1955 1445 2070 1518 eG,
2099 1464 2241 1523 pro-

497 1539 712 1599 ductas
741 1539 1061 1618 supposuit
1090 1538 1170 1598 ad
1209 1538 1372 1597 latus
1405 1538 1514 1597 BA
1542 1539 1934 1617 productum.
2036 1540 2119 1599 Et
2147 1540 2239 1599 bi-

496 1634 761 1693 secando
802 1654 1012 1693 rursus
1054 1653 1264 1693 arcum
1295 1634 1409 1704 Be,
1441 1633 1748 1711 ductoque
1797 1634 1935 1693 sinu
1973 1635 2124 1713 erS,
2177 1644 2240 1695 et

496 1728 690 1788 diviso
722 1729 809 1809 Ig-
846 1729 1146 1801 bifariam,
1191 1738 1374 1806 atque
1421 1726 1637 1787 eodem
1681 1728 1864 1788 modo
1909 1729 2239 1790 bisecando

496 1822 791 1900 quamdiu
848 1824 1159 1901 quantitas
1222 1822 1483 1881 bisecari
1548 1829 1772 1900 potest,
1832 1823 2240 1884 concludebat

494 1927 700 1996 partes
732 1937 909 1976 arcus
941 1918 1048 1977 BG
1069 1917 1343 1996 partibus
1376 1916 1543 1975 sinus
1574 1917 1659 1976 IG
1681 1917 1908 1996 ubique
1934 1937 2068 1977 esse
2097 1938 2239 1998 pro-

494 2012 887 2090 portionales,
976 2012 1049 2071 Id
1080 2011 1242 2090 quod
1274 2022 1337 2070 et
1366 2030 1579 2070 verum
1612 2021 1723 2083 est,
1755 2021 1816 2070 et
1846 2012 1923 2071 ab
1961 2012 2065 2072 illo
2095 2033 2238 2073 vere

491 2107 748 2167 illatum.
840 2107 1126 2186 Sequitur
1166 2116 1371 2165 autem
1418 2105 1580 2178 inde,
1611 2116 1782 2166 recta
1812 2107 1908 2166 Ge
1937 2107 2240 2186 producta

492 2201 573 2260 ad
603 2202 699 2260 Bs
730 2202 795 2260 in
825 2201 866 2275 i,
896 2210 1129 2261 rectam
1161 2200 1245 2259 Bi
1275 2199 1575 2278 aequalem
1606 2220 1736 2259 esse
1767 2202 1937 2260 arcui
1986 2202 2130 2271 BG;
2177 2212 2240 2262 et

492 2295 750 2373 proinde
779 2305 976 2355 totam
1020 2304 1251 2354 rectam
1286 2294 1381 2353 RS
1413 2294 1710 2372 aequalem
1742 2314 1871 2354 esse
1911 2297 2082 2356 arcui
2121 2297 2239 2356 toti

498 2390 629 2450 BD.

580 2484 718 2544 Hoc
769 2495 977 2544 autem
1021 2504 1058 2544 a
1096 2484 1275 2544 dictis
1321 2483 1766 2563 professoribus
1811 2483 2240 2563 impugnatum

503 2588 617 2652 est,
647 2579 875 2657 partim
905 2599 980 2639 ex
1022 2578 1246 2638 tabulis
1292 2579 1556 2650 sinuum,
1598 2578 2003 2655 tangentium,
2035 2589 2099 2638 et
2148 2599 2239 2638 se·

496 2673 790 2746 cantium,
822 2674 1048 2752 partim
1079 2673 1156 2732 ab
1186 2672 1558 2732 authoritate
1590 2671 1994 2732 Archimedis,
2071 2673 2243 2734 Quo-

496 2768 663 2827 niam
693 2777 899 2827 autem
929 2767 1155 2827 tabulae
1194 2767 1313 2826 illae
1344 2775 1718 2825 constructae
1764 2776 1906 2826 sunt
1945 2787 2058 2846 per
2086 2768 2242 2828 mul-

497 2862 943 2940 tiplicationem
965 2862 1142 2921 lineae
1162 2881 1270 2940 per
1299 2881 1643 2935 numerum,
1667 2862 1839 2940 cujus
1872 2862 2241 2942 productum

496 2956 650 3016 falso
681 2964 1043 3034 computant
1089 2975 1200 3034 pro
1231 2975 1487 3014 numero
1519 2955 1956 3034 quadratorum
1981 2983 1996 3026 ;
2042 2967 2104 3018 et
2131 2979 2241 3037 per

498 3050 941 3110 extractionem
970 3050 1246 3110 radicum
1277 3070 1352 3109 ex
1380 3050 1497 3109 illis
1529 3050 1863 3128 quadratiS,
1897 3072 2047 3131 quas
2076 3053 2239 3113 radi-

499 3164 600 3205 ces
647 3145 800 3204 falso
844 3153 1206 3223 computant
1243 3164 1357 3223 pro
1387 3164 1643 3204 numero
1674 3145 2010 3206 linearum:
2057 3167 2239 3226 argu-

498 3248 776 3299 mentum
826 3247 1135 3317 sumptum
1186 3258 1262 3298 ex
1311 3239 1430 3298 illis
1486 3239 1709 3299 tabulis
1759 3241 1883 3299 vim
1933 3240 2242 3301 refutandi

497 3335 729 3394 nullam
758 3331 1047 3394 habent*.
1135 3333 1215 3392 Et
1245 3333 1534 3411 quoniam
1565 3333 1966 3394 Archimedes
1995 3336 2126 3414 ipse
2150 3335 2240 3395 di-

497 3430 875 3491 mensionem
918 3428 1130 3488 circuli
1172 3448 1344 3487 suam
1388 3429 1771 3488 demonstrat
1809 3449 1919 3508 per
1963 3429 2239 3490 radicum

2159 3565 2242 3572 ,ς’-

1130 3649 1155 3676 ³⁶
1198 3648 1278 3696 Sic
1303 3650 1432 3695 Edit.
1469 3651 1607 3695 1668.
