<?xml version="1.0" encoding="UTF-8"?>
<!DOCTYPE html PUBLIC "-//W3C//DTD XHTML 1.0 Transitional//EN"
    "http://www.w3.org/TR/xhtml1/DTD/xhtml1-transitional.dtd">
<html xmlns="http://www.w3.org/1999/xhtml" xml:lang="en" lang="en">
 <head>
  <title>
</title>
<meta http-equiv="Content-Type" content="text/html;charset=utf-8" />
  <meta name='ocr-system' content='tesseract 3.04.00' />
  <meta name='ocr-capabilities' content='ocr_page ocr_carea ocr_par ocr_line ocrx_word'/>
</head>
<body>
  <div class='ocr_page' id='page_1' title='image "./operaphilosophic04hobbuoft_0504.png"; bbox 0 0 2462 4120; ppageno 0'>
   <div class='ocr_carea' id='block_1_1' title="bbox 342 554 529 586">
    <p class='ocr_par' dir='ltr' id='par_1_1' title="bbox 342 554 529 586">
     <span class='ocr_line' id='line_1_1' title="bbox 342 554 529 586; baseline 0 -1"><span class='ocrx_word' id='word_1_1' title='bbox 342 554 529 586; x_wconf 86' lang='lat' dir='ltr'>PPPPPPP</span> 
     </span>
    </p>
   </div>
   <div class='ocr_carea' id='block_1_2' title="bbox 619 384 1891 446">
    <p class='ocr_par' dir='ltr' id='par_1_2' title="bbox 619 384 1891 446">
     <span class='ocr_line' id='line_1_2' title="bbox 619 384 1891 446; baseline 0.006 -11"><span class='ocrx_word' id='word_1_2' title='bbox 619 384 739 436; x_wconf 83' lang='lat'>492</span> <span class='ocrx_word' id='word_1_3' title='bbox 1080 399 1554 446; x_wconf 82' lang='lat' dir='ltr'><strong>QUADRATURA</strong></span> <span class='ocrx_word' id='word_1_4' title='bbox 1589 400 1891 444; x_wconf 83' lang='lat' dir='ltr'>CIRCULI.</span> 
     </span>
    </p>
   </div>
   <div class='ocr_carea' id='block_1_3' title="bbox 600 532 2350 3543">
    <p class='ocr_par' dir='ltr' id='par_1_3' title="bbox 613 532 2350 1083">
     <span class='ocr_line' id='line_1_3' title="bbox 618 532 2341 617; baseline 0.005 -27"><span class='ocrx_word' id='word_1_5' title='bbox 618 532 901 611; x_wconf 84' lang='lat' dir='ltr'>idemque</span> <span class='ocrx_word' id='word_1_6' title='bbox 931 534 1163 612; x_wconf 86' lang='lat' dir='ltr'>aequale</span> <span class='ocrx_word' id='word_1_7' title='bbox 1205 536 1513 614; x_wconf 82' lang='lat' dir='ltr'>triangulo</span> <span class='ocrx_word' id='word_1_8' title='bbox 1547 536 1700 616; x_wconf 62' lang='grc' dir='ltr'>ΑΨ.</span> <span class='ocrx_word' id='word_1_9' title='bbox 1788 539 2040 611; x_wconf 81' lang='lat' dir='ltr'>RursuS,</span> <span class='ocrx_word' id='word_1_10' title='bbox 2073 539 2216 617; x_wconf 89' lang='lat' dir='ltr'>quia</span> <span class='ocrx_word' id='word_1_11' title='bbox 2233 540 2341 598; x_wconf 87' lang='lat' dir='ltr'>tri-</span> 
     </span>
     <span class='ocr_line' id='line_1_4' title="bbox 618 627 2344 708; baseline 0.005 -25"><span class='ocrx_word' id='word_1_12' title='bbox 618 627 911 705; x_wconf 82' lang='lat' dir='ltr'>angulum</span> <span class='ocrx_word' id='word_1_13' title='bbox 941 627 1078 706; x_wconf 63' lang='lat' dir='ltr'>qu</span> <span class='ocrx_word' id='word_1_14' title='bbox 1107 630 1338 708; x_wconf 83' lang='lat' dir='ltr'>aequale</span> <span class='ocrx_word' id='word_1_15' title='bbox 1370 639 1464 689; x_wconf 90' lang='lat' dir='ltr'>est</span> <span class='ocrx_word' id='word_1_16' title='bbox 1510 632 1732 690; x_wconf 89' lang='lat' dir='ltr'>sectori</span> <span class='ocrx_word' id='word_1_17' title='bbox 1763 631 1946 704; x_wconf 80' lang='lat' dir='ltr'>AGL,</span> <span class='ocrx_word' id='word_1_18' title='bbox 1979 642 2160 692; x_wconf 89' lang='lat' dir='ltr'>erunt</span> <span class='ocrx_word' id='word_1_19' title='bbox 2189 633 2344 692; x_wconf 86' lang='lat' dir='ltr'>trili-</span> 
     </span>
     <span class='ocr_line' id='line_1_5' title="bbox 615 719 2350 806; baseline 0.005 -28"><span class='ocrx_word' id='word_1_20' title='bbox 615 740 733 779; x_wconf 90' lang='lat' dir='ltr'>nea</span> <span class='ocrx_word' id='word_1_21' title='bbox 771 719 906 801; x_wconf 78' lang='lat' dir='ltr'><em>qu</em></span> <span class='ocrx_word' id='word_1_22' title='bbox 948 732 1010 781; x_wconf 93' lang='lat' dir='ltr'>et</span> <span class='ocrx_word' id='word_1_23' title='bbox 1054 723 1191 803; x_wconf 73' lang='lat' dir='ltr'>Cyp</span> <span class='ocrx_word' id='word_1_24' title='bbox 1237 726 1514 803; x_wconf 76' lang='lat' dir='ltr'>aequalia,</span> <span class='ocrx_word' id='word_1_25' title='bbox 1548 736 1611 784; x_wconf 92' lang='lat' dir='ltr'>et</span> <span class='ocrx_word' id='word_1_26' title='bbox 1650 726 1830 785; x_wconf 90' lang='lat' dir='ltr'>ambo</span> <span class='ocrx_word' id='word_1_27' title='bbox 1871 727 2049 786; x_wconf 88' lang='lat' dir='ltr'>simul</span> <span class='ocrx_word' id='word_1_28' title='bbox 2089 728 2350 806; x_wconf 80' lang='lat' dir='ltr'>aequalia</span> 
     </span>
     <span class='ocr_line' id='line_1_6' title="bbox 617 815 2349 901; baseline 0.005 -28"><span class='ocrx_word' id='word_1_29' title='bbox 617 815 839 874; x_wconf 88' lang='lat' dir='ltr'>sectori</span> <span class='ocrx_word' id='word_1_30' title='bbox 869 815 1063 876; x_wconf 86' lang='lat' dir='ltr'><strong>AVP.</strong></span> <span class='ocrx_word' id='word_1_31' title='bbox 1151 819 1229 878; x_wconf 89' lang='lat' dir='ltr'>Et</span> <span class='ocrx_word' id='word_1_32' title='bbox 1275 819 1534 897; x_wconf 81' lang='lat' dir='ltr'>proinde</span> <span class='ocrx_word' id='word_1_33' title='bbox 1574 818 1956 901; x_wconf 69' lang='lat' dir='ltr'>ACV÷Cyp</span> <span class='ocrx_word' id='word_1_34' title='bbox 1985 823 2217 901; x_wconf 87' lang='lat' dir='ltr'>aequale</span> <span class='ocrx_word' id='word_1_35' title='bbox 2258 822 2349 882; x_wconf 93' lang='lat' dir='ltr'>di-</span> 
     </span>
     <span class='ocr_line' id='line_1_7' title="bbox 614 909 2348 995; baseline 0.006 -29"><span class='ocrx_word' id='word_1_36' title='bbox 614 909 803 968; x_wconf 89' lang='lat' dir='ltr'>midio</span> <span class='ocrx_word' id='word_1_37' title='bbox 851 911 1075 970; x_wconf 85' lang='lat' dir='ltr'>sectori</span> <span class='ocrx_word' id='word_1_38' title='bbox 1105 911 1289 982; x_wconf 81' lang='lat' dir='ltr'><strong>ACL,</strong></span> <span class='ocrx_word' id='word_1_39' title='bbox 1330 913 1395 971; x_wconf 92' lang='lat' dir='ltr'>id</span> <span class='ocrx_word' id='word_1_40' title='bbox 1438 922 1532 972; x_wconf 91' lang='lat' dir='ltr'>est</span> <span class='ocrx_word' id='word_1_41' title='bbox 1577 915 1886 993; x_wconf 84' lang='lat' dir='ltr'>triangulo</span> <span class='ocrx_word' id='word_1_42' title='bbox 1932 914 2102 995; x_wconf 80' lang='lat' dir='ltr'>Ayr:</span> <span class='ocrx_word' id='word_1_43' title='bbox 2146 926 2348 977; x_wconf 91' lang='lat' dir='ltr'>totum</span> 
     </span>
     <span class='ocr_line' id='line_1_8' title="bbox 613 1005 1496 1083; baseline 0.003 -20"><span class='ocrx_word' id='word_1_44' title='bbox 613 1005 795 1083; x_wconf 85' lang='lat' dir='ltr'>parti,</span> <span class='ocrx_word' id='word_1_45' title='bbox 829 1006 992 1083; x_wconf 93' lang='lat' dir='ltr'>quod</span> <span class='ocrx_word' id='word_1_46' title='bbox 1023 1014 1113 1066; x_wconf 89' lang='lat' dir='ltr'>est</span> <span class='ocrx_word' id='word_1_47' title='bbox 1144 1007 1496 1066; x_wconf 89' lang='lat' dir='ltr'>absurdum.</span> 
     </span>
    </p>

    <p class='ocr_par' dir='ltr' id='par_1_4' title="bbox 612 1099 2348 1347">
     <span class='ocr_line' id='line_1_9' title="bbox 700 1099 2348 1187; baseline 0.005 -29"><span class='ocrx_word' id='word_1_48' title='bbox 700 1099 1009 1170; x_wconf 82' lang='lat' dir='ltr'>Similiter,</span> <span class='ocrx_word' id='word_1_49' title='bbox 1064 1111 1265 1160; x_wconf 87' lang='lat' dir='ltr'>sector</span> <span class='ocrx_word' id='word_1_50' title='bbox 1318 1101 1486 1160; x_wconf 87' lang='lat' dir='ltr'>ALP</span> <span class='ocrx_word' id='word_1_51' title='bbox 1543 1123 1667 1161; x_wconf 86' lang='lat' dir='ltr'>una</span> <span class='ocrx_word' id='word_1_52' title='bbox 1717 1124 1856 1163; x_wconf 88' lang='lat' dir='ltr'>cum</span> <span class='ocrx_word' id='word_1_53' title='bbox 1916 1105 2160 1166; x_wconf 87' lang='lat' dir='ltr'>trilineo</span> <span class='ocrx_word' id='word_1_54' title='bbox 2211 1107 2348 1187; x_wconf 77' lang='lat' dir='ltr'><em>qu</em></span> 
     </span>
     <span class='ocr_line' id='line_1_10' title="bbox 613 1194 2343 1280; baseline 0.005 -28"><span class='ocrx_word' id='word_1_55' title='bbox 613 1194 846 1271; x_wconf 86' lang='lat' dir='ltr'>aequale</span> <span class='ocrx_word' id='word_1_56' title='bbox 893 1195 1010 1253; x_wconf 88' lang='lat' dir='ltr'>erit</span> <span class='ocrx_word' id='word_1_57' title='bbox 1049 1195 1354 1273; x_wconf 78' lang='lat' dir='ltr'>triangulo</span> <span class='ocrx_word' id='word_1_58' title='bbox 1386 1195 1546 1276; x_wconf 69' lang='grc' dir='ltr'>ΑΨ,</span> <span class='ocrx_word' id='word_1_59' title='bbox 1577 1196 1640 1255; x_wconf 95' lang='lat' dir='ltr'>id</span> <span class='ocrx_word' id='word_1_60' title='bbox 1671 1207 1782 1271; x_wconf 87' lang='lat' dir='ltr'>est,</span> <span class='ocrx_word' id='word_1_61' title='bbox 1814 1218 1954 1276; x_wconf 87' lang='lat' dir='ltr'>pars</span> <span class='ocrx_word' id='word_1_62' title='bbox 1985 1201 2138 1259; x_wconf 86' lang='lat' dir='ltr'>toti:</span> <span class='ocrx_word' id='word_1_63' title='bbox 2183 1201 2343 1280; x_wconf 91' lang='lat' dir='ltr'>quod</span> 
     </span>
     <span class='ocr_line' id='line_1_11' title="bbox 612 1289 1085 1347; baseline 0.002 -1"><span class='ocrx_word' id='word_1_64' title='bbox 612 1298 706 1346; x_wconf 87' lang='lat' dir='ltr'>est</span> <span class='ocrx_word' id='word_1_65' title='bbox 736 1289 1085 1347; x_wconf 90' lang='lat' dir='ltr'>absurdum.</span> 
     </span>
    </p>

    <p class='ocr_par' dir='ltr' id='par_1_5' title="bbox 611 1382 2348 1555">
     <span class='ocr_line' id='line_1_12' title="bbox 697 1382 2348 1463; baseline 0.004 -22"><span class='ocrx_word' id='word_1_66' title='bbox 697 1382 762 1442; x_wconf 82' lang='lat' dir='ltr'>Si</span> <span class='ocrx_word' id='word_1_67' title='bbox 793 1383 940 1462; x_wconf 69' lang='lat' dir='ltr'>qu</span> <span class='ocrx_word' id='word_1_68' title='bbox 973 1391 1314 1442; x_wconf 85' lang='lat' dir='ltr'>sumeretur</span> <span class='ocrx_word' id='word_1_69' title='bbox 1346 1402 1528 1462; x_wconf 82' lang='lat' dir='ltr'>supra</span> <span class='ocrx_word' id='word_1_70' title='bbox 1556 1384 1932 1463; x_wconf 84' lang='lat' dir='ltr'>triangulum</span> <span class='ocrx_word' id='word_1_71' title='bbox 1963 1384 2164 1461; x_wconf 81' lang='lat' dir='ltr'><strong>AYQ,</strong></span> <span class='ocrx_word' id='word_1_72' title='bbox 2183 1387 2348 1448; x_wconf 89' lang='lat' dir='ltr'>idem</span> 
     </span>
     <span class='ocr_line' id='line_1_13' title="bbox 611 1477 1348 1555; baseline 0 -19"><span class='ocrx_word' id='word_1_73' title='bbox 611 1488 969 1555; x_wconf 84' lang='lat' dir='ltr'>sequeretur</span> <span class='ocrx_word' id='word_1_74' title='bbox 999 1477 1348 1536; x_wconf 86' lang='lat' dir='ltr'>absurdum.</span> 
     </span>
    </p>

    <p class='ocr_par' dir='ltr' id='par_1_6' title="bbox 607 1571 2347 2030">
     <span class='ocr_line' id='line_1_14' title="bbox 693 1571 2347 1654; baseline 0.003 -23"><span class='ocrx_word' id='word_1_75' title='bbox 693 1573 802 1631; x_wconf 91' lang='lat' dir='ltr'>Est</span> <span class='ocrx_word' id='word_1_76' title='bbox 833 1592 978 1650; x_wconf 84' lang='lat' dir='ltr'>ergo</span> <span class='ocrx_word' id='word_1_77' title='bbox 1009 1572 1385 1650; x_wconf 85' lang='lat' dir='ltr'>triangulum</span> <span class='ocrx_word' id='word_1_78' title='bbox 1415 1573 1616 1651; x_wconf 90' lang='lat' dir='ltr'>ipsum</span> <span class='ocrx_word' id='word_1_79' title='bbox 1649 1571 1832 1648; x_wconf 81' lang='lat' dir='ltr'>AYQ</span> <span class='ocrx_word' id='word_1_80' title='bbox 1862 1576 2093 1654; x_wconf 87' lang='lat' dir='ltr'>aequale</span> <span class='ocrx_word' id='word_1_81' title='bbox 2124 1577 2347 1636; x_wconf 89' lang='lat' dir='ltr'>sectori</span> 
     </span>
     <span class='ocr_line' id='line_1_15' title="bbox 609 1665 2346 1746; baseline 0.003 -21"><span class='ocrx_word' id='word_1_82' title='bbox 609 1665 774 1727; x_wconf 79' lang='lat' dir='ltr'>ACL</span> <span class='ocrx_word' id='word_1_83' title='bbox 803 1689 815 1725; x_wconf 92' lang='lat'><strong>:</strong></span> <span class='ocrx_word' id='word_1_84' title='bbox 862 1667 922 1725; x_wconf 92' lang='lat' dir='ltr'>id</span> <span class='ocrx_word' id='word_1_85' title='bbox 971 1677 1082 1736; x_wconf 85' lang='lat' dir='ltr'>est,</span> <span class='ocrx_word' id='word_1_86' title='bbox 1113 1677 1330 1726; x_wconf 89' lang='lat' dir='ltr'>octava</span> <span class='ocrx_word' id='word_1_87' title='bbox 1367 1687 1508 1746; x_wconf 90' lang='lat' dir='ltr'>pars</span> <span class='ocrx_word' id='word_1_88' title='bbox 1538 1668 1820 1746; x_wconf 90' lang='lat' dir='ltr'>quadrati</span> <span class='ocrx_word' id='word_1_89' title='bbox 1869 1667 2080 1743; x_wconf 79' lang='lat' dir='ltr'>QRST</span> <span class='ocrx_word' id='word_1_90' title='bbox 2110 1669 2346 1731; x_wconf 89' lang='lat' dir='ltr'>duobus</span> 
     </span>
     <span class='ocr_line' id='line_1_16' title="bbox 610 1758 2347 1841; baseline 0.003 -22"><span class='ocrx_word' id='word_1_91' title='bbox 610 1761 949 1820; x_wconf 83' lang='lat' dir='ltr'>sectoribus</span> <span class='ocrx_word' id='word_1_92' title='bbox 980 1758 1163 1832; x_wconf 82' lang='lat' dir='ltr'><strong>ACP,</strong></span> <span class='ocrx_word' id='word_1_93' title='bbox 1185 1760 1352 1819; x_wconf 91' lang='lat' dir='ltr'>APL</span> <span class='ocrx_word' id='word_1_94' title='bbox 1386 1761 1565 1820; x_wconf 89' lang='lat' dir='ltr'>simul</span> <span class='ocrx_word' id='word_1_95' title='bbox 1596 1763 1873 1841; x_wconf 86' lang='lat' dir='ltr'>sumptis,</span> <span class='ocrx_word' id='word_1_96' title='bbox 1897 1763 1960 1822; x_wconf 92' lang='lat' dir='ltr'>id</span> <span class='ocrx_word' id='word_1_97' title='bbox 1991 1774 2085 1823; x_wconf 87' lang='lat' dir='ltr'>est</span> <span class='ocrx_word' id='word_1_98' title='bbox 2114 1774 2347 1826; x_wconf 87' lang='lat' dir='ltr'>octavae</span> 
     </span>
     <span class='ocr_line' id='line_1_17' title="bbox 607 1853 2344 1939; baseline 0.004 -26"><span class='ocrx_word' id='word_1_99' title='bbox 607 1855 770 1932; x_wconf 87' lang='lat' dir='ltr'>parti</span> <span class='ocrx_word' id='word_1_100' title='bbox 800 1856 988 1914; x_wconf 90' lang='lat' dir='ltr'>totius</span> <span class='ocrx_word' id='word_1_101' title='bbox 1020 1855 1230 1914; x_wconf 88' lang='lat' dir='ltr'>circuli</span> <span class='ocrx_word' id='word_1_102' title='bbox 1277 1853 1497 1916; x_wconf 81' lang='lat' dir='ltr'>BCDE</span> <span class='ocrx_word' id='word_1_103' title='bbox 1539 1856 1699 1916; x_wconf 87' lang='lat' dir='ltr'>dati:</span> <span class='ocrx_word' id='word_1_104' title='bbox 1746 1867 1806 1917; x_wconf 93' lang='lat' dir='ltr'>et</span> <span class='ocrx_word' id='word_1_105' title='bbox 1836 1867 2036 1917; x_wconf 88' lang='lat' dir='ltr'>totum</span> <span class='ocrx_word' id='word_1_106' title='bbox 2083 1859 2344 1939; x_wconf 89' lang='lat' dir='ltr'>quadra-</span> 
     </span>
     <span class='ocr_line' id='line_1_18' title="bbox 607 1950 2052 2030; baseline 0.003 -22"><span class='ocrx_word' id='word_1_107' title='bbox 607 1960 738 2009; x_wconf 89' lang='lat' dir='ltr'>tum</span> <span class='ocrx_word' id='word_1_108' title='bbox 771 1950 987 2010; x_wconf 73' lang='lat' dir='ltr'><strong>QRST</strong></span> <span class='ocrx_word' id='word_1_109' title='bbox 1017 1950 1246 2029; x_wconf 85' lang='lat' dir='ltr'>aequale</span> <span class='ocrx_word' id='word_1_110' title='bbox 1279 1950 1508 2010; x_wconf 87' lang='lat' dir='ltr'>circulo</span> <span class='ocrx_word' id='word_1_111' title='bbox 1539 1951 1782 2030; x_wconf 85' lang='lat' dir='ltr'>integro</span> <span class='ocrx_word' id='word_1_112' title='bbox 1812 1951 2052 2013; x_wconf 82' lang='lat' dir='ltr'><strong>BCDE.</strong></span> 
     </span>
    </p>

    <p class='ocr_par' dir='ltr' id='par_1_7' title="bbox 606 2046 2343 2220">
     <span class='ocr_line' id='line_1_19' title="bbox 691 2046 2343 2127; baseline 0.003 -23"><span class='ocrx_word' id='word_1_113' title='bbox 691 2046 1017 2105; x_wconf 89' lang='lat' dir='ltr'>Inventum</span> <span class='ocrx_word' id='word_1_114' title='bbox 1095 2055 1188 2105; x_wconf 89' lang='lat' dir='ltr'>est</span> <span class='ocrx_word' id='word_1_115' title='bbox 1254 2066 1400 2124; x_wconf 84' lang='lat' dir='ltr'>ergo</span> <span class='ocrx_word' id='word_1_116' title='bbox 1468 2046 1696 2105; x_wconf 91' lang='lat' dir='ltr'>circulo</span> <span class='ocrx_word' id='word_1_117' title='bbox 1764 2046 1910 2107; x_wconf 86' lang='lat' dir='ltr'>dato</span> <span class='ocrx_word' id='word_1_118' title='bbox 1977 2048 2343 2127; x_wconf 88' lang='lat' dir='ltr'>quadratum</span> 
     </span>
     <span class='ocr_line' id='line_1_20' title="bbox 606 2141 860 2220; baseline 0 -21"><span class='ocrx_word' id='word_1_119' title='bbox 606 2141 860 2220; x_wconf 86' lang='lat' dir='ltr'>aequale.</span> 
     </span>
    </p>

    <p class='ocr_par' dir='ltr' id='par_1_8' title="bbox 601 2234 2341 2882">
     <span class='ocr_line' id='line_1_21' title="bbox 695 2234 2341 2316; baseline 0.004 -24"><span class='ocrx_word' id='word_1_120' title='bbox 695 2234 922 2295; x_wconf 79' lang='lat' dir='ltr'>Coroll.</span> <span class='ocrx_word' id='word_1_121' title='bbox 953 2236 993 2294; x_wconf 94' lang='lat' dir='ltr'>i.</span> <span class='ocrx_word' id='word_1_122' title='bbox 1042 2235 1106 2294; x_wconf 88' lang='lat' dir='ltr'>Si</span> <span class='ocrx_word' id='word_1_123' title='bbox 1154 2244 1368 2295; x_wconf 88' lang='lat' dir='ltr'>centro</span> <span class='ocrx_word' id='word_1_124' title='bbox 1412 2234 1490 2308; x_wconf 85' lang='lat' dir='ltr'>A,</span> <span class='ocrx_word' id='word_1_125' title='bbox 1543 2235 1994 2295; x_wconf 85' lang='lat' dir='ltr'>semidiametro</span> <span class='ocrx_word' id='word_1_126' title='bbox 2041 2235 2156 2310; x_wconf 87' lang='lat' dir='ltr'>Ab,</span> <span class='ocrx_word' id='word_1_127' title='bbox 2204 2258 2341 2316; x_wconf 87' lang='lat' dir='ltr'>quae</span> 
     </span>
     <span class='ocr_line' id='line_1_22' title="bbox 605 2331 2340 2412; baseline 0.002 -21"><span class='ocrx_word' id='word_1_128' title='bbox 605 2334 682 2406; x_wconf 87' lang='lat' dir='ltr'>sit</span> <span class='ocrx_word' id='word_1_129' title='bbox 711 2333 914 2392; x_wconf 86' lang='lat' dir='ltr'>media</span> <span class='ocrx_word' id='word_1_130' title='bbox 941 2332 1412 2412; x_wconf 90' lang='lat' dir='ltr'>proportionalis</span> <span class='ocrx_word' id='word_1_131' title='bbox 1444 2333 1603 2391; x_wconf 89' lang='lat' dir='ltr'>inter</span> <span class='ocrx_word' id='word_1_132' title='bbox 1624 2332 1784 2391; x_wconf 92' lang='lat' dir='ltr'>latus</span> <span class='ocrx_word' id='word_1_133' title='bbox 1810 2331 1918 2392; x_wconf 87' lang='lat' dir='ltr'>AC</span> <span class='ocrx_word' id='word_1_134' title='bbox 1950 2341 2010 2392; x_wconf 90' lang='lat' dir='ltr'>et</span> <span class='ocrx_word' id='word_1_135' title='bbox 2039 2333 2226 2412; x_wconf 91' lang='lat' dir='ltr'>ipsius</span> <span class='ocrx_word' id='word_1_136' title='bbox 2256 2335 2340 2395; x_wconf 94' lang='lat' dir='ltr'>di-</span> 
     </span>
     <span class='ocr_line' id='line_1_23' title="bbox 602 2425 2340 2503; baseline 0.002 -18"><span class='ocrx_word' id='word_1_137' title='bbox 602 2427 878 2498; x_wconf 88' lang='lat' dir='ltr'>midium,</span> <span class='ocrx_word' id='word_1_138' title='bbox 911 2428 1292 2487; x_wconf 85' lang='lat' dir='ltr'>describatur</span> <span class='ocrx_word' id='word_1_139' title='bbox 1319 2446 1495 2485; x_wconf 89' lang='lat' dir='ltr'>arcus</span> <span class='ocrx_word' id='word_1_140' title='bbox 1535 2426 1748 2485; x_wconf 93' lang='lat' dir='ltr'>circuli</span> <span class='ocrx_word' id='word_1_141' title='bbox 1791 2446 2002 2486; x_wconf 89' lang='lat' dir='ltr'>secans</span> <span class='ocrx_word' id='word_1_142' title='bbox 2034 2425 2148 2488; x_wconf 85' lang='lat' dir='ltr'>AO</span> <span class='ocrx_word' id='word_1_143' title='bbox 2177 2428 2241 2487; x_wconf 92' lang='lat' dir='ltr'>in</span> <span class='ocrx_word' id='word_1_144' title='bbox 2285 2429 2340 2503; x_wconf 84' lang='lat' dir='ltr'>b,</span> 
     </span>
     <span class='ocr_line' id='line_1_24' title="bbox 604 2520 2339 2598; baseline 0.001 -17"><span class='ocrx_word' id='word_1_145' title='bbox 604 2531 668 2581; x_wconf 90' lang='lat' dir='ltr'>et</span> <span class='ocrx_word' id='word_1_146' title='bbox 699 2520 819 2580; x_wconf 88' lang='lat' dir='ltr'>AV</span> <span class='ocrx_word' id='word_1_147' title='bbox 850 2522 912 2580; x_wconf 94' lang='lat' dir='ltr'>in</span> <span class='ocrx_word' id='word_1_148' title='bbox 945 2543 996 2595; x_wconf 77' lang='lat' dir='ltr'>e,</span> <span class='ocrx_word' id='word_1_149' title='bbox 1029 2532 1091 2581; x_wconf 92' lang='lat' dir='ltr'>et</span> <span class='ocrx_word' id='word_1_150' title='bbox 1122 2520 1230 2581; x_wconf 81' lang='lat' dir='ltr'>AC</span> <span class='ocrx_word' id='word_1_151' title='bbox 1262 2521 1325 2579; x_wconf 89' lang='lat' dir='ltr'>in</span> <span class='ocrx_word' id='word_1_152' title='bbox 1356 2520 1415 2592; x_wconf 76' lang='grc' dir='ltr'>Ιι,</span> <span class='ocrx_word' id='word_1_153' title='bbox 1449 2520 1565 2580; x_wconf 88' lang='lat' dir='ltr'>erit</span> <span class='ocrx_word' id='word_1_154' title='bbox 1603 2529 1735 2579; x_wconf 90' lang='lat' dir='ltr'>tum</span> <span class='ocrx_word' id='word_1_155' title='bbox 1780 2521 2156 2581; x_wconf 88' lang='lat' dir='ltr'>sectorculus</span> <span class='ocrx_word' id='word_1_156' title='bbox 2188 2522 2339 2598; x_wconf 77' lang='lat' dir='ltr'>Abc,</span> 
     </span>
     <span class='ocr_line' id='line_1_25' title="bbox 605 2613 2339 2695; baseline 0.002 -20"><span class='ocrx_word' id='word_1_157' title='bbox 605 2626 738 2675; x_wconf 87' lang='lat' dir='ltr'>tum</span> <span class='ocrx_word' id='word_1_158' title='bbox 796 2616 1242 2695; x_wconf 85' lang='lat' dir='ltr'>quadrilineum</span> <span class='ocrx_word' id='word_1_159' title='bbox 1301 2613 1506 2687; x_wconf 76' lang='lat' dir='ltr'>VPbc,</span> <span class='ocrx_word' id='word_1_160' title='bbox 1566 2614 1795 2693; x_wconf 84' lang='lat' dir='ltr'>aequale</span> <span class='ocrx_word' id='word_1_161' title='bbox 1854 2614 2097 2674; x_wconf 88' lang='lat' dir='ltr'>trilineo</span> <span class='ocrx_word' id='word_1_162' title='bbox 2167 2616 2339 2678; x_wconf 89' lang='lat' dir='ltr'>CYP.</span> 
     </span>
     <span class='ocr_line' id='line_1_26' title="bbox 603 2707 2340 2789; baseline 0.001 -20"><span class='ocrx_word' id='word_1_163' title='bbox 603 2711 926 2781; x_wconf 72' lang='lat' dir='ltr'>Praeterea,</span> <span class='ocrx_word' id='word_1_164' title='bbox 961 2710 1010 2769; x_wconf 90' lang='lat' dir='ltr'>si</span> <span class='ocrx_word' id='word_1_165' title='bbox 1042 2731 1079 2769; x_wconf 90' lang='lat' dir='ltr'>a</span> <span class='ocrx_word' id='word_1_166' title='bbox 1100 2719 1334 2789; x_wconf 89' lang='lat' dir='ltr'>puncto</span> <span class='ocrx_word' id='word_1_167' title='bbox 1367 2707 1401 2766; x_wconf 84' lang='lat' dir='ltr'><em>b</em></span> <span class='ocrx_word' id='word_1_168' title='bbox 1447 2707 1525 2766; x_wconf 89' lang='lat' dir='ltr'>ad</span> <span class='ocrx_word' id='word_1_169' title='bbox 1571 2708 1731 2767; x_wconf 89' lang='lat' dir='ltr'>latus</span> <span class='ocrx_word' id='word_1_170' title='bbox 1763 2707 1871 2768; x_wconf 81' lang='lat' dir='ltr'>AG</span> <span class='ocrx_word' id='word_1_171' title='bbox 1905 2708 2164 2768; x_wconf 87' lang='lat' dir='ltr'>ducatur</span> <span class='ocrx_word' id='word_1_172' title='bbox 2202 2731 2340 2789; x_wconf 87' lang='lat' dir='ltr'>per-</span> 
     </span>
     <span class='ocr_line' id='line_1_27' title="bbox 601 2801 2341 2882; baseline 0.001 -19"><span class='ocrx_word' id='word_1_173' title='bbox 601 2804 1009 2882; x_wconf 88' lang='lat' dir='ltr'>pendicularis</span> <span class='ocrx_word' id='word_1_174' title='bbox 1034 2804 1121 2878; x_wconf 79' lang='lat' dir='ltr'>be,</span> <span class='ocrx_word' id='word_1_175' title='bbox 1147 2804 1264 2864; x_wconf 91' lang='lat' dir='ltr'>erit</span> <span class='ocrx_word' id='word_1_176' title='bbox 1293 2802 1602 2862; x_wconf 91' lang='lat' dir='ltr'>trilineum</span> <span class='ocrx_word' id='word_1_177' title='bbox 1630 2801 1740 2860; x_wconf 79' lang='lat' dir='ltr'>hbe</span> <span class='ocrx_word' id='word_1_178' title='bbox 1764 2802 2083 2862; x_wconf 90' lang='lat' dir='ltr'>dimidium</span> <span class='ocrx_word' id='word_1_179' title='bbox 2113 2804 2341 2865; x_wconf 89' lang='lat' dir='ltr'>trilinei</span> 
     </span>
    </p>

    <p class='ocr_par' dir='ltr' id='par_1_9' title="bbox 600 2991 2339 3348">
     <span class='ocr_line' id='line_1_28' title="bbox 689 2991 2339 3072; baseline 0.001 -20"><span class='ocrx_word' id='word_1_180' title='bbox 689 2992 918 3052; x_wconf 81' lang='lat' dir='ltr'>Coroll.</span> <span class='ocrx_word' id='word_1_181' title='bbox 958 2991 1028 3052; x_wconf 87' lang='lat' dir='ltr'>ii.</span> <span class='ocrx_word' id='word_1_182' title='bbox 1105 2993 1392 3070; x_wconf 83' lang='lat' dir='ltr'>Sequitur</span> <span class='ocrx_word' id='word_1_183' title='bbox 1445 2991 1626 3051; x_wconf 88' lang='lat' dir='ltr'>etiam</span> <span class='ocrx_word' id='word_1_184' title='bbox 1686 3011 2007 3051; x_wconf 83' lang='lat' dir='ltr'>excessum</span> <span class='ocrx_word' id='word_1_185' title='bbox 2059 2994 2339 3072; x_wconf 84' lang='lat' dir='ltr'>quadrati</span> 
     </span>
     <span class='ocr_line' id='line_1_29' title="bbox 601 3085 2338 3166; baseline -0.001 -18"><span class='ocrx_word' id='word_1_186' title='bbox 601 3086 821 3149; x_wconf 83' lang='lat' dir='ltr'><strong>ABGC</strong></span> <span class='ocrx_word' id='word_1_187' title='bbox 866 3108 1048 3166; x_wconf 88' lang='lat' dir='ltr'>supra</span> <span class='ocrx_word' id='word_1_188' title='bbox 1086 3087 1488 3166; x_wconf 84' lang='lat' dir='ltr'>quadrantem</span> <span class='ocrx_word' id='word_1_189' title='bbox 1521 3085 1704 3157; x_wconf 80' lang='lat' dir='ltr'>ABG,</span> <span class='ocrx_word' id='word_1_190' title='bbox 1737 3107 1866 3146; x_wconf 87' lang='lat' dir='ltr'>esse</span> <span class='ocrx_word' id='word_1_191' title='bbox 1914 3087 1992 3147; x_wconf 90' lang='lat' dir='ltr'>ad</span> <span class='ocrx_word' id='word_1_192' title='bbox 2022 3107 2338 3147; x_wconf 86' lang='lat' dir='ltr'>excessum</span> 
     </span>
     <span class='ocr_line' id='line_1_30' title="bbox 600 3180 2338 3261; baseline -0.001 -19"><span class='ocrx_word' id='word_1_193' title='bbox 600 3183 957 3261; x_wconf 85' lang='lat' dir='ltr'>quadrantis</span> <span class='ocrx_word' id='word_1_194' title='bbox 1041 3180 1312 3259; x_wconf 88' lang='lat' dir='ltr'>ejusdem</span> <span class='ocrx_word' id='word_1_195' title='bbox 1402 3201 1584 3259; x_wconf 89' lang='lat' dir='ltr'>supra</span> <span class='ocrx_word' id='word_1_196' title='bbox 1666 3181 1985 3241; x_wconf 85' lang='lat' dir='ltr'>dimidium</span> <span class='ocrx_word' id='word_1_197' title='bbox 2057 3182 2338 3261; x_wconf 89' lang='lat' dir='ltr'>quadrati</span> 
     </span>
     <span class='ocr_line' id='line_1_31' title="bbox 603 3275 1212 3348; baseline -0.003 -12"><span class='ocrx_word' id='word_1_198' title='bbox 603 3275 844 3348; x_wconf 82' lang='lat' dir='ltr'><strong>ABGC,</strong></span> <span class='ocrx_word' id='word_1_199' title='bbox 874 3285 944 3335; x_wconf 92' lang='lat' dir='ltr'>ut</span> <span class='ocrx_word' id='word_1_200' title='bbox 976 3283 1011 3335; x_wconf 88' lang='lat'>2</span> <span class='ocrx_word' id='word_1_201' title='bbox 1045 3275 1125 3335; x_wconf 90' lang='lat' dir='ltr'>ad</span> <span class='ocrx_word' id='word_1_202' title='bbox 1155 3283 1212 3334; x_wconf 89' lang='lat'>3.</span> 
     </span>
    </p>

    <p class='ocr_par' dir='ltr' id='par_1_10' title="bbox 600 3368 2336 3543">
     <span class='ocr_line' id='line_1_32' title="bbox 685 3368 2335 3448; baseline -0.001 -17"><span class='ocrx_word' id='word_1_203' title='bbox 685 3371 888 3431; x_wconf 90' lang='lat' dir='ltr'>Ducta</span> <span class='ocrx_word' id='word_1_204' title='bbox 917 3371 1079 3430; x_wconf 89' lang='lat' dir='ltr'>enim</span> <span class='ocrx_word' id='word_1_205' title='bbox 1109 3391 1146 3429; x_wconf 87' lang='lat' dir='ltr'>a</span> <span class='ocrx_word' id='word_1_206' title='bbox 1173 3380 1403 3448; x_wconf 92' lang='lat' dir='ltr'>puncto</span> <span class='ocrx_word' id='word_1_207' title='bbox 1435 3371 1484 3429; x_wconf 93' lang='lat' dir='ltr'>L</span> <span class='ocrx_word' id='word_1_208' title='bbox 1507 3370 1586 3429; x_wconf 90' lang='lat' dir='ltr'>ad</span> <span class='ocrx_word' id='word_1_209' title='bbox 1615 3370 1775 3430; x_wconf 87' lang='lat' dir='ltr'>latus</span> <span class='ocrx_word' id='word_1_210' title='bbox 1806 3368 1914 3430; x_wconf 83' lang='lat' dir='ltr'>AG</span> <span class='ocrx_word' id='word_1_211' title='bbox 1939 3369 2335 3448; x_wconf 91' lang='lat' dir='ltr'>perpendicu-</span> 
     </span>
     <span class='ocr_line' id='line_1_33' title="bbox 600 3464 2336 3543; baseline 0 -20"><span class='ocrx_word' id='word_1_212' title='bbox 600 3466 714 3524; x_wconf 88' lang='lat' dir='ltr'>lari</span> <span class='ocrx_word' id='word_1_213' title='bbox 763 3466 873 3539; x_wconf 76' lang='lat' dir='ltr'>Lh,</span> <span class='ocrx_word' id='word_1_214' title='bbox 911 3466 1027 3526; x_wconf 89' lang='lat' dir='ltr'>erit</span> <span class='ocrx_word' id='word_1_215' title='bbox 1073 3465 1447 3543; x_wconf 84' lang='lat' dir='ltr'>triangulum</span> <span class='ocrx_word' id='word_1_216' title='bbox 1480 3464 1634 3525; x_wconf 76' lang='lat' dir='ltr'>Ale</span> <span class='ocrx_word' id='word_1_217' title='bbox 1682 3464 2000 3524; x_wconf 91' lang='lat' dir='ltr'>dimidium</span> <span class='ocrx_word' id='word_1_218' title='bbox 2047 3464 2336 3543; x_wconf 83' lang='lat' dir='ltr'>trianguli</span> 
     </span>
    </p>
   </div>
   <div class='ocr_carea' id='block_1_4' title="bbox 601 3558 787 3622">
    <p class='ocr_par' dir='ltr' id='par_1_11' title="bbox 601 3558 787 3622">
     <span class='ocr_line' id='line_1_34' title="bbox 601 3558 787 3622; baseline 0.005 -3"><span class='ocrx_word' id='word_1_219' title='bbox 601 3558 787 3622; x_wconf 81' lang='lat' dir='ltr'><strong>AGG.</strong></span> 
     </span>
    </p>
   </div>
  </div>
 </body>
</html>
