2462 4120
843 363 1402 408 GEOMETRARUM.
1866 351 1988 417 437

337 505 404 565 Si
459 503 688 564 fuerint
739 513 1131 582 quotcunque
1188 503 1645 582 magnitudines
1703 506 1990 566 continue

252 598 757 679 proportionaleS,
782 618 1039 676 quarum
1068 598 1267 676 prima
1296 607 1391 656 est
1419 599 1684 659 maxima
1710 627 1725 670 3
1758 612 1989 679 quanto

251 695 449 774 prima
476 693 554 753 ad
584 693 768 753 aliam
798 713 835 751 a
858 713 920 752 se
950 692 1343 752 remotiorem
1367 711 1549 770 quam
1580 704 1671 753 est
1692 695 1990 772 proxima,

252 789 547 867 majorem
575 787 875 846 rationem
894 787 1081 846 habet
1100 806 1284 865 quam
1306 785 1386 844 ad
1410 786 1604 864 ipsam
1624 788 1991 865 proximam;

252 892 426 943 tanto
456 883 520 942 in
550 882 765 941 iisdem
799 881 1346 960 magnitudinibUS,
1368 870 1612 939 inverso
1639 882 1853 942 ordine
1877 884 1994 943 col-

252 977 488 1050 locatiS,
532 976 785 1035 minima
830 977 1126 1055 majorem
1174 975 1478 1034 rationem
1522 974 1711 1033 habet
1757 975 1836 1033 ad
1884 976 2000 1035 sibi

253 1073 617 1151 proximam,
650 1092 834 1150 quam
864 1072 943 1131 ad
973 1070 1366 1130 remotiorem
1396 1069 1461 1128 in
1507 1068 1722 1128 eadem
1771 1069 2000 1129 distan-

254 1167 364 1228 tia.
451 1166 734 1245 Exempli
780 1166 1011 1245 gratia:
1055 1166 1120 1224 in
1164 1165 1261 1224 his
1308 1163 1856 1242 magnitudinibUS,
1902 1170 2000 1223 81.

256 1265 514 1329 27.9.3.
545 1269 595 1334 1,
628 1270 858 1338 quanto
915 1261 1111 1339 major
1153 1268 1245 1320 est
1292 1259 1449 1318 ratio
1499 1265 1571 1318 81
1624 1258 1704 1318 ad
1751 1266 1787 1317 3
1820 1277 2004 1336 quam

257 1356 414 1415 ratio
446 1362 518 1414 81
557 1355 637 1414 ad
677 1357 779 1428 27,
811 1363 986 1414 tanto
1017 1355 1213 1433 major
1244 1362 1334 1412 est
1384 1353 1540 1412 ratio
1580 1361 1601 1412 l
1640 1352 1720 1412 ad
1751 1361 1787 1411 3
1820 1372 2003 1431 quam

256 1451 414 1510 ratio
453 1458 477 1510 1
514 1449 594 1509 3(1
624 1454 703 1517 27
732 1474 744 1508 :
779 1469 1128 1528 quanquam
1157 1458 1490 1528 geometrae
1515 1448 1620 1526 qui
1654 1466 1819 1507 nunc
1842 1457 2004 1520 sunt,

259 1544 323 1604 id
352 1565 478 1604 non
510 1544 873 1604 concedant.

344 1639 467 1698 Sed
498 1660 572 1698 ex
601 1639 675 1699 iis
707 1660 844 1718 quae
884 1640 1182 1699 hactenus
1226 1638 1391 1698 dicta
1427 1647 1589 1710 sunt,
1623 1645 1867 1697 constat
1898 1657 2006 1697 na-

259 1742 462 1792 turam
494 1734 744 1793 rationis
785 1754 863 1793 ne
894 1733 1135 1793 Euclidi
1167 1732 1414 1812 quidem
1446 1734 1690 1811 penitus
1721 1752 2006 1811 perspec-

259 1839 387 1888 tam
414 1828 630 1896 fuisse3
663 1829 855 1888 multo
879 1839 1085 1888 autem
1111 1828 1311 1887 minus
1343 1827 1582 1895 Clavi03
1615 1827 1724 1886 sed
1755 1827 2006 1886 minime

261 1925 535 1982 omnium
593 1924 731 1996 illis,
788 1924 893 2002 qui
955 1943 1121 1982 nunc
1179 1922 1526 2001 algebristae
1583 1922 2004 2000 perhibentur.

261 2017 423 2078 Nam
453 2019 536 2090 hi,
568 2040 604 2078 a
637 2019 849 2078 Clavio
875 2018 1042 2077 docti
1073 2017 1602 2076 denominatorem
1631 2016 1887 2076 rationis
1918 2016 2005 2074 in-

261 2113 466 2173 dicare
497 2114 686 2192 ipsius
720 2114 1149 2193 quantitatem,
1186 2113 1282 2189 (ut
1312 2120 1371 2181 4,
1401 2112 1526 2172 sive
1555 2109 1625 2187 ἐξ,
1651 2111 2009 2170 denominat

261 2209 612 2286 indicatque
637 2209 1044 2287 quantitatem
1074 2207 1330 2266 rationis
1361 2213 1398 2266 4
1429 2207 1509 2266 ad
1542 2215 1591 2279 l,
1618 2218 1679 2266 et
1708 2205 1740 2270 {¹-
1774 2205 2009 2265 indicat

263 2303 564 2363 rationem
607 2311 642 2363 2
694 2303 772 2362 ad
814 2311 882 2362 3:
930 2311 1071 2361 sunt
1118 2311 1325 2360 autem
1373 2302 1461 2360 illi
1510 2301 2008 2361 denominatores

262 2398 415 2458 nihil
445 2398 611 2458 aliud
641 2408 868 2477 praeter
898 2397 1246 2476 quotientes
1277 2405 1452 2456 natas
1477 2416 1552 2455 ex
1583 2395 1878 2455 divisione
1901 2415 2008 2454 nu-

263 2493 417 2553 meri
445 2513 555 2572 per
583 2495 950 2569 numerum),
983 2503 1215 2551 temere
1247 2492 1642 2570 arripuerunt
1678 2491 1850 2569 quasi
1879 2509 2011 2548 rem

267 2587 763 2661 demonstratam,
771 2587 1160 2667 fractionem
1183 2595 1246 2646 et
1267 2588 1577 2647 rationem
1595 2586 1853 2647 eandem
1873 2606 2010 2645 esse

267 2702 417 2756 rem,
447 2703 667 2761 nempe
697 2683 1106 2762 quantitatem
1138 2682 1482 2742 absolutam
1512 2692 1573 2742 et
1603 2681 2012 2762 quantitatem

270 2777 748 2855 comparativam
775 2804 789 2846 ;
837 2798 972 2856 quae
1025 2779 1463 2857 comparativa,
1515 2777 1823 2856 quantitas
1882 2796 2012 2835 om-

269 2872 416 2931 nino
447 2891 573 2931 non
604 2880 697 2930 est
725 2873 843 2931 nisi
873 2882 1156 2952 respectu
1181 2873 1259 2932 ad
1282 2873 1463 2932 aliam
1487 2873 1806 2932 rationem.
1895 2871 2011 2929 Ra-

271 2966 455 3025 tionis
507 2967 669 3025 enim
719 2968 1144 3045 magnitudino
1203 2989 1330 3028 non
1390 2968 1839 3027 determinatur
1896 2985 2012 3025 nec

271 3060 596 3138 exponitur
635 3081 746 3139 per
790 3081 974 3121 unam
1020 3062 1264 3132 lineam,
1296 3063 1454 3123 sicut
1485 3064 1795 3141 quantitas
1837 3061 2012 3120 abso-

270 3155 419 3226 luta,
452 3155 560 3214 sed
588 3174 698 3233 per
740 3155 909 3215 duas.
995 3157 1201 3236 Atque
1232 3158 1308 3217 ab
1349 3158 1467 3217 hoc
1509 3177 1716 3217 errore
1766 3165 1859 3214 tot
1905 3155 2012 3213 ab-

272 3248 457 3308 surda
507 3258 885 3327 consequuta
943 3262 1105 3322 sunt,
1152 3261 1222 3311 ut
1268 3253 1371 3311 vix
1431 3272 1656 3330 magno
1704 3248 2011 3309 volumine

273 3342 593 3402 commode
624 3343 926 3402 contineri
964 3345 1231 3422 possint:
1279 3366 1539 3425 quorum
1569 3345 1878 3424 praecipua
1916 3342 2011 3400 in-

274 3438 368 3497 fra
405 3437 614 3517 paucis
654 3436 1192 3512 considerabimus,
1234 3460 1358 3500 una
1406 3461 1545 3499 cum
1592 3440 1724 3499 aliis
1756 3456 1890 3515 quae
1937 3454 2013 3493 ex

274 3533 407 3592 aliis
438 3531 749 3611 principiis
779 3532 946 3592 falsis
977 3532 1040 3592 in
1069 3543 1524 3611 geometrarum
1554 3534 1780 3612 scripta
1818 3531 2010 3608 irrep-

278 3635 508 3687 serunt.

2048 527 2162 561 CAP.
2182 524 2308 558 XVII.

2062 581 2301 608 N—-r-—d

2038 631 2242 679 Responsio
2259 630 2307 665 ad

2037 688 2204 735 quaedam
2223 696 2320 732 quae-

2038 743 2109 778 sita
2125 740 2256 776 Clavii.
