2462 4120
614 394 1078 436 PROBLEMATA
1112 395 1433 436 PHYSICA.
1771 381 1891 446 347

158 547 222 600 et
251 536 424 618 quasi
464 534 887 598 dubitabunda
923 543 1133 608 staret,
1167 534 1276 594 sed
1317 554 1444 594 non
1491 535 1628 594 diu:
1674 534 1893 595 deinde
1984 557 2096 589 CAP.
2123 556 2191 589 v1.

159 633 361 693 subito
413 639 472 690 et
510 629 804 689 velociter
853 638 1263 708 procurreret,
1305 628 1500 688 donec
1539 650 1576 689 a
1612 630 1893 690 scabritie
1918 612 2252 708 Dmm,

156 724 491 806 pavimenti
521 733 920 783 everteretur.
1916 715 2178 805 {xilssit-Zcffieugefi
2194 726 2254 750 va-

240 820 322 880 A.
366 820 715 897 Antequam
745 818 1161 897 relinquamus
1203 837 1442 891 navem,
1477 817 1574 876 dic
1613 817 1763 877 mihi
1793 819 1898 897 qui

157 916 230 976 fit
279 923 352 974 ut
398 914 620 992 exiguo
662 913 1081 992 gubernaculo
1122 913 1389 973 maxima
1426 913 1597 972 navis
1638 933 1674 972 a
1719 932 1900 972 cursu

157 1029 268 1071 suo
301 1008 687 1068 deflectatur.

243 1103 327 1164 B.
372 1103 446 1162 Id
474 1104 547 1163 fit
575 1123 702 1163 non
733 1102 863 1162 solo
885 1101 1324 1182 gubernaculo,
1412 1099 1604 1159 Navis
1628 1119 1665 1159 a
1687 1100 1905 1178 guber-

157 1197 378 1259 naculo
409 1198 473 1257 in
495 1218 654 1277 aqua
672 1207 998 1276 stagnante
1023 1197 1300 1256 converti
1319 1216 1442 1256 non
1462 1203 1686 1274 potest,
1706 1214 1903 1273 neque

158 1292 224 1353 in
252 1312 414 1371 aqua
440 1293 803 1353 naturaliter
824 1293 1188 1371 profluente,
1213 1292 1398 1352 modo
1427 1290 1601 1350 navis
1630 1290 1825 1349 libera
1843 1298 1904 1349 et

160 1387 361 1456 soluta
391 1387 486 1447 sit.
576 1388 747 1467 Opus
779 1399 870 1447 est
899 1388 1244 1467 profluente
1282 1407 1393 1466 per
1420 1387 1545 1446 vim
1585 1395 1904 1445 externam

160 1482 259 1542 vel
287 1483 456 1542 venti
479 1483 577 1542 vel
595 1503 925 1542 remorum.
989 1483 1061 1543 In
1092 1483 1201 1542 tali
1230 1483 1573 1561 profluente
1604 1481 1655 1540 si
1683 1481 1906 1559 guber-

161 1578 450 1637 naculum
491 1577 569 1638 ad
608 1598 830 1657 aquam
872 1578 1182 1638 labentem
1228 1598 1264 1637 a
1307 1598 1492 1657 prora
1529 1576 1608 1636 ad
1649 1576 1908 1655 puppim

163 1671 406 1750 oblique
437 1681 738 1743 teneatur,
771 1673 934 1731 actio
966 1693 1141 1751 aquae
1171 1672 1233 1731 in
1274 1673 1474 1751 ipsum
1512 1670 1909 1750 impingentis

164 1785 290 1825 non
332 1766 578 1845 obliqua
617 1767 753 1839 erit,
785 1766 912 1839 sed,
944 1776 1012 1826 ut
1054 1786 1237 1845 supra
1268 1776 1582 1826 ostensum
1625 1775 1738 1838 est,
1770 1785 1906 1843 per-

163 1860 616 1944 pendicularis:
662 1861 827 1921 unde
870 1881 1119 1920 necesse
1168 1870 1261 1921 est
1305 1872 1376 1921 ut
1422 1861 1593 1920 navis
1642 1881 1679 1918 a
1730 1879 1912 1918 cursu

167 1954 546 2029 deflectatur,
578 1964 762 2034 atque
793 1957 881 2015 ita
911 1956 1272 2015 deflectatur
1303 1966 1370 2016 ut
1399 1975 1582 2035 prora
1603 1953 1820 2014 tendat
1848 1953 1913 2012 in

168 2069 302 2108 eam
332 2049 646 2128 regionem
676 2049 755 2109 ad
787 2069 969 2128 quam
1001 2050 1334 2109 inclinatur
1363 2051 1427 2109 in
1456 2068 1661 2128 puppe
1691 2049 1913 2126 guber-

166 2144 472 2204 naculum.
535 2145 1043 2204 Animadvertisti
1063 2145 1267 2217 cred0‚
1294 2145 1358 2203 in
1382 2145 1635 2203 flumine
1652 2142 1914 2215 Tamesi‚

167 2240 388 2317 exigua
417 2239 700 2318 quaedam
731 2239 1106 2299 descendere
1137 2239 1382 2318 navigia
1413 2260 1448 2298 a
1478 2238 1756 2317 partibus
1788 2237 1917 2295 An-

168 2333 308 2412 gliae
337 2333 836 2404 occidentalibuS,
860 2353 970 2412 per
998 2334 1227 2393 flumen
1252 2333 1527 2392 nondum
1556 2332 1643 2391 ita
1664 2331 1919 2410 profun-

171 2427 318 2496 dum
347 2438 416 2487 ut
445 2449 636 2508 prope
665 2429 881 2487 urbem
905 2452 918 2485 :
966 2449 1226 2507 quorum
1258 2427 1674 2507 gubernacula
1703 2426 1922 2486 latiora

171 2522 363 2581 multo
395 2533 538 2582 suut
568 2544 749 2602 quam
782 2523 1198 2603 gubernacula
1222 2524 1627 2582 maximarum
1651 2522 1920 2581 navium.

176 2615 380 2677 Quare
410 2617 548 2689 hoc,
580 2619 698 2678 nisi
726 2627 796 2678 ut
839 2639 1060 2698 aquam
1090 2619 1349 2679 multam
1393 2618 1752 2690 sustineant,
1785 2636 1923 2694 quae

174 2709 239 2768 in
283 2730 409 2770 non
450 2712 754 2790 profundo
798 2714 1052 2773 flumine
1099 2713 1555 2792 intercipienda
1597 2721 1690 2772 est
1730 2730 1923 2791 prope

177 2823 352 2882 aquae
383 2807 764 2883 superficiem
790 2806 810 2865 ἓ

188 2964 190 2967 ,
260 2897 341 2956 A.
389 2898 544 2959 Quae
575 2919 758 2959 causa
788 2910 880 2960 est
910 2900 1067 2960 nivis
1094 2900 1114 2960 ?

188 3042 192 3046 .
266 2991 345 3051 B.
390 2992 621 3053 Eadem
676 3014 878 3072 quam,
927 3016 1067 3054 cum
1117 2996 1511 3074 loqueremur
1552 2995 1627 3053 de
1677 2991 1921 3065 duritie,

180 3086 470 3165 supposui
498 3107 609 3164 pro
635 3107 815 3146 causa
847 3087 1115 3149 duritiei.
1178 3090 1390 3149 Motus
1423 3090 1587 3149 enim
1618 3089 1718 3147 ille
1743 3107 1924 3166 quem

181 3180 470 3259 supposui
499 3181 563 3240 in
594 3182 812 3241 tellure
838 3192 900 3241 et
923 3183 1048 3243 sole
1067 3205 1273 3244 aerem
1295 3184 1735 3264 rejicientibUS,
1755 3201 1924 3258 mag-

180 3295 330 3335 num
353 3276 509 3335 aeris
541 3286 831 3336 conatum
864 3278 1051 3338 efficit
1082 3300 1116 3338 a
1147 3280 1316 3339 Zona
1348 3279 1612 3338 Torrida
1638 3277 1923 3352 utrinque

182 3389 394 3430 versus
425 3371 616 3448 polos
706 3365 828 3431 Qui
867 3392 971 3431 aer
1021 3393 1130 3451 per
1173 3375 1368 3433 nubes
1408 3373 1684 3432 nondum
1724 3368 1924 3448 gravi-

185 3464 462 3523 dissimas
494 3464 815 3538 transienS,
847 3467 1139 3543 guttulas,
1173 3488 1247 3526 ex
1279 3468 1496 3546 quibus
1540 3466 1735 3524 nubes
1780 3482 1924 3521 con-

186 3567 326 3632 stat,
380 3558 651 3619 radendo
708 3560 1010 3638 congelat,
1063 3561 1278 3622 eodem
1335 3561 1518 3640 plane
1570 3558 1750 3618 modo
1803 3574 1923 3633 quo
