<?xml version="1.0" encoding="UTF-8"?>
<!DOCTYPE html PUBLIC "-//W3C//DTD XHTML 1.0 Transitional//EN"
    "http://www.w3.org/TR/xhtml1/DTD/xhtml1-transitional.dtd">
<html xmlns="http://www.w3.org/1999/xhtml" xml:lang="en" lang="en">
 <head>
  <title>
</title>
<meta http-equiv="Content-Type" content="text/html;charset=utf-8" />
  <meta name='ocr-system' content='tesseract 3.04.00' />
  <meta name='ocr-capabilities' content='ocr_page ocr_carea ocr_par ocr_line ocrx_word'/>
</head>
<body>
  <div class='ocr_page' id='page_1' title='image "./operaphilosophic04hobbuoft_0419.png"; bbox 0 0 2462 4120; ppageno 0'>
   <div class='ocr_carea' id='block_1_1' title="bbox 853 361 1991 425">
    <p class='ocr_par' dir='ltr' id='par_1_1' title="bbox 853 361 1991 425">
     <span class='ocr_line' id='line_1_1' title="bbox 853 361 1991 425; baseline -0.002 -6"><span class='ocrx_word' id='word_1_1' title='bbox 853 377 1407 419; x_wconf 82' lang='lat' dir='ltr'><strong>GEOMETRARUM.</strong></span> <span class='ocrx_word' id='word_1_2' title='bbox 1871 361 1991 425; x_wconf 88' lang='grc'><strong>407</strong></span> 
     </span>
    </p>
   </div>
   <div class='ocr_carea' id='block_1_2' title="bbox 250 514 2299 1615">
    <p class='ocr_par' dir='ltr' id='par_1_2' title="bbox 250 514 2299 1050">
     <span class='ocr_line' id='line_1_2' title="bbox 251 514 2299 594; baseline -0.006 -15"><span class='ocrx_word' id='word_1_3' title='bbox 251 539 392 580; x_wconf 86' lang='lat' dir='ltr'><strong>esse</strong></span> <span class='ocrx_word' id='word_1_4' title='bbox 422 516 785 578; x_wconf 83' lang='lat' dir='ltr'><strong>curvitatem</strong></span> <span class='ocrx_word' id='word_1_5' title='bbox 812 538 826 573; x_wconf 79' lang='lat' dir='ltr'>z</span> <span class='ocrx_word' id='word_1_6' title='bbox 872 523 934 574; x_wconf 93' lang='lat' dir='ltr'><strong>et</strong></span> <span class='ocrx_word' id='word_1_7' title='bbox 962 514 1219 594; x_wconf 85' lang='lat' dir='ltr'>proinde</span> <span class='ocrx_word' id='word_1_8' title='bbox 1265 523 1498 573; x_wconf 90' lang='lat' dir='ltr'><strong>rectam</strong></span> <span class='ocrx_word' id='word_1_9' title='bbox 1530 514 1638 573; x_wconf 91' lang='lat' dir='ltr'><strong>BD</strong></span> <span class='ocrx_word' id='word_1_10' title='bbox 1670 533 1808 573; x_wconf 92' lang='lat' dir='ltr'><strong>cum</strong></span> <span class='ocrx_word' id='word_1_11' title='bbox 1847 533 1994 572; x_wconf 86' lang='lat' dir='ltr'><strong>arcu</strong></span> <span class='ocrx_word' id='word_1_12' title='bbox 2032 534 2161 590; x_wconf 32' lang='lat' dir='ltr'><strong>‘cm</strong></span> <span class='ocrx_word' id='word_1_13' title='bbox 2189 534 2299 568; x_wconf 92' lang='lat' dir='ltr'>v111.</span> 
     </span>
     <span class='ocr_line' id='line_1_3' title="bbox 250 610 2286 691; baseline -0.002 -17"><span class='ocrx_word' id='word_1_14' title='bbox 250 614 386 674; x_wconf 89' lang='grc' dir='ltr'><strong>-ΒΜ</strong></span> <span class='ocrx_word' id='word_1_15' title='bbox 404 613 468 672; x_wconf 92' lang='lat' dir='ltr'><strong>in</strong></span> <span class='ocrx_word' id='word_1_16' title='bbox 490 620 720 691; x_wconf 92' lang='lat' dir='ltr'><strong>puncto</strong></span> <span class='ocrx_word' id='word_1_17' title='bbox 741 610 791 668; x_wconf 91' lang='lat' dir='ltr'><strong>B</strong></span> <span class='ocrx_word' id='word_1_18' title='bbox 811 610 1186 669; x_wconf 89' lang='lat' dir='ltr'><strong>constituere</strong></span> <span class='ocrx_word' id='word_1_19' title='bbox 1210 610 1502 688; x_wconf 83' lang='lat' dir='ltr'><strong>angulum</strong></span> <span class='ocrx_word' id='word_1_20' title='bbox 1524 620 1778 670; x_wconf 90' lang='lat' dir='ltr'><strong>rectum.</strong></span> <span class='ocrx_word' id='word_1_21' title='bbox 1823 611 1991 670; x_wconf 90' lang='lat' dir='ltr'><strong>Fate-</strong></span> <span class='ocrx_word' id='word_1_22' title='bbox 2064 641 2122 677; x_wconf 71' lang='lat' dir='ltr'><strong>ne</strong></span> <span class='ocrx_word' id='word_1_23' title='bbox 2138 639 2286 688; x_wconf 54' lang='lat' dir='ltr'><strong>augum.</strong></span> 
     </span>
     <span class='ocr_line' id='line_1_4' title="bbox 263 703 1995 783; baseline -0.001 -16"><span class='ocrx_word' id='word_1_24' title='bbox 263 717 367 767; x_wconf 89' lang='lat' dir='ltr'><strong>tur</strong></span> <span class='ocrx_word' id='word_1_25' title='bbox 395 706 558 767; x_wconf 93' lang='lat' dir='ltr'><strong>enim</strong></span> <span class='ocrx_word' id='word_1_26' title='bbox 589 704 835 764; x_wconf 89' lang='lat' dir='ltr'><strong>Clavius</strong></span> <span class='ocrx_word' id='word_1_27' title='bbox 863 703 1278 783; x_wconf 83' lang='lat' dir='ltr'><strong>longitudines</strong></span> <span class='ocrx_word' id='word_1_28' title='bbox 1308 704 1606 763; x_wconf 88' lang='lat' dir='ltr'><strong>linearum</strong></span> <span class='ocrx_word' id='word_1_29' title='bbox 1643 705 1730 763; x_wconf 91' lang='lat' dir='ltr'><strong>nil</strong></span> <span class='ocrx_word' id='word_1_30' title='bbox 1757 713 1995 765; x_wconf 87' lang='lat' dir='ltr'><strong>mutare</strong></span> 
     </span>
     <span class='ocr_line' id='line_1_5' title="bbox 263 797 1996 880; baseline -0.001 -19"><span class='ocrx_word' id='word_1_31' title='bbox 263 803 328 861; x_wconf 92' lang='lat' dir='ltr'><strong>in</strong></span> <span class='ocrx_word' id='word_1_32' title='bbox 345 799 766 880; x_wconf 85' lang='lat' dir='ltr'><strong>magnitudine</strong></span> <span class='ocrx_word' id='word_1_33' title='bbox 789 799 1032 878; x_wconf 84' lang='lat' dir='ltr'><strong>anguli:</strong></span> <span class='ocrx_word' id='word_1_34' title='bbox 1063 818 1177 857; x_wconf 91' lang='lat' dir='ltr'><strong>nec</strong></span> <span class='ocrx_word' id='word_1_35' title='bbox 1199 797 1340 858; x_wconf 93' lang='lat' dir='ltr'><strong>ideo</strong></span> <span class='ocrx_word' id='word_1_36' title='bbox 1366 798 1658 876; x_wconf 90' lang='lat' dir='ltr'><strong>angulum</strong></span> <span class='ocrx_word' id='word_1_37' title='bbox 1679 808 1996 859; x_wconf 88' lang='lat' dir='ltr'><strong>contactus</strong></span> 
     </span>
     <span class='ocr_line' id='line_1_6' title="bbox 265 892 1999 975; baseline -0.001 -21"><span class='ocrx_word' id='word_1_38' title='bbox 265 896 588 975; x_wconf 89' lang='lat' dir='ltr'><strong>quicquam</strong></span> <span class='ocrx_word' id='word_1_39' title='bbox 649 894 970 954; x_wconf 86' lang='lat' dir='ltr'><strong>detrahere</strong></span> <span class='ocrx_word' id='word_1_40' title='bbox 1018 913 1055 953; x_wconf 90' lang='lat' dir='ltr'><strong>a</strong></span> <span class='ocrx_word' id='word_1_41' title='bbox 1101 892 1524 972; x_wconf 89' lang='lat' dir='ltr'><strong>magnitudine</strong></span> <span class='ocrx_word' id='word_1_42' title='bbox 1581 893 1789 972; x_wconf 86' lang='lat' dir='ltr'><strong>anguli</strong></span> <span class='ocrx_word' id='word_1_43' title='bbox 1844 893 1999 953; x_wconf 91' lang='lat' dir='ltr'><strong>recti</strong></span> 
     </span>
     <span class='ocr_line' id='line_1_7' title="bbox 262 988 775 1050; baseline -0.004 0"><span class='ocrx_word' id='word_1_44' title='bbox 262 989 564 1050; x_wconf 87' lang='lat' dir='ltr'><strong>rectilinei</strong></span> <span class='ocrx_word' id='word_1_45' title='bbox 594 988 775 1048; x_wconf 91' lang='lat' dir='ltr'><strong>DBL.</strong></span> 
     </span>
    </p>

    <p class='ocr_par' dir='ltr' id='par_1_3' title="bbox 263 1082 2007 1615">
     <span class='ocr_line' id='line_1_8' title="bbox 350 1082 1998 1163; baseline -0.001 -20"><span class='ocrx_word' id='word_1_46' title='bbox 350 1083 637 1163; x_wconf 87' lang='lat' dir='ltr'><strong>Sequitur</strong></span> <span class='ocrx_word' id='word_1_47' title='bbox 655 1083 839 1142; x_wconf 89' lang='lat' dir='ltr'><strong>etiam</strong></span> <span class='ocrx_word' id='word_1_48' title='bbox 870 1082 1163 1161; x_wconf 90' lang='lat' dir='ltr'><strong>angulum</strong></span> <span class='ocrx_word' id='word_1_49' title='bbox 1183 1089 1503 1141; x_wconf 88' lang='lat' dir='ltr'><strong>contactus</strong></span> <span class='ocrx_word' id='word_1_50' title='bbox 1533 1101 1658 1140; x_wconf 91' lang='lat' dir='ltr'><strong>non</strong></span> <span class='ocrx_word' id='word_1_51' title='bbox 1689 1101 1818 1141; x_wconf 91' lang='lat' dir='ltr'><strong>esse</strong></span> <span class='ocrx_word' id='word_1_52' title='bbox 1847 1082 1998 1160; x_wconf 87' lang='lat' dir='ltr'><strong>ejus-</strong></span> 
     </span>
     <span class='ocr_line' id='line_1_9' title="bbox 265 1175 2001 1257; baseline -0.002 -19"><span class='ocrx_word' id='word_1_53' title='bbox 265 1176 404 1238; x_wconf 93' lang='lat' dir='ltr'><strong>dem</strong></span> <span class='ocrx_word' id='word_1_54' title='bbox 433 1178 675 1257; x_wconf 87' lang='lat' dir='ltr'><strong>generis</strong></span> <span class='ocrx_word' id='word_1_55' title='bbox 707 1198 846 1237; x_wconf 91' lang='lat' dir='ltr'><strong>cum</strong></span> <span class='ocrx_word' id='word_1_56' title='bbox 876 1178 1099 1256; x_wconf 87' lang='lat' dir='ltr'><strong>angulo</strong></span> <span class='ocrx_word' id='word_1_57' title='bbox 1129 1177 1466 1249; x_wconf 89' lang='lat' dir='ltr'><strong>rectiline0‚</strong></span> <span class='ocrx_word' id='word_1_58' title='bbox 1492 1175 1653 1256; x_wconf 93' lang='lat' dir='ltr'><strong>quod</strong></span> <span class='ocrx_word' id='word_1_59' title='bbox 1675 1186 1737 1235; x_wconf 93' lang='lat' dir='ltr'><strong>et</strong></span> <span class='ocrx_word' id='word_1_60' title='bbox 1761 1177 2001 1236; x_wconf 88' lang='lat' dir='ltr'><strong>Clavius</strong></span> 
     </span>
     <span class='ocr_line' id='line_1_10' title="bbox 263 1271 2003 1350; baseline -0.002 -17"><span class='ocrx_word' id='word_1_61' title='bbox 263 1273 492 1333; x_wconf 88' lang='lat' dir='ltr'><strong>fatetur</strong></span> <span class='ocrx_word' id='word_1_62' title='bbox 518 1297 531 1332; x_wconf 75' lang='grc' dir='ltr'><strong>ε</strong></span> <span class='ocrx_word' id='word_1_63' title='bbox 579 1293 719 1332; x_wconf 90' lang='lat' dir='ltr'><strong>cum</strong></span> <span class='ocrx_word' id='word_1_64' title='bbox 763 1272 1095 1331; x_wconf 88' lang='lat' dir='ltr'><strong>curvitates</strong></span> <span class='ocrx_word' id='word_1_65' title='bbox 1129 1292 1381 1331; x_wconf 88' lang='lat' dir='ltr'><strong>arcuum</strong></span> <span class='ocrx_word' id='word_1_66' title='bbox 1412 1271 1673 1350; x_wconf 81' lang='lat' dir='ltr'><strong>aequales</strong></span> <span class='ocrx_word' id='word_1_67' title='bbox 1704 1291 1835 1330; x_wconf 88' lang='lat' dir='ltr'><strong>esse</strong></span> <span class='ocrx_word' id='word_1_68' title='bbox 1863 1291 2003 1349; x_wconf 88' lang='lat' dir='ltr'><strong>pos-</strong></span> 
     </span>
     <span class='ocr_line' id='line_1_11' title="bbox 267 1366 2004 1446; baseline -0.002 -19"><span class='ocrx_word' id='word_1_69' title='bbox 267 1378 411 1427; x_wconf 84' lang='lat' dir='ltr'><strong>sunt</strong></span> <span class='ocrx_word' id='word_1_70' title='bbox 439 1377 607 1441; x_wconf 89' lang='lat' dir='ltr'><strong>tunc,</strong></span> <span class='ocrx_word' id='word_1_71' title='bbox 641 1367 884 1446; x_wconf 90' lang='lat' dir='ltr'><strong>quando</strong></span> <span class='ocrx_word' id='word_1_72' title='bbox 915 1386 1092 1426; x_wconf 88' lang='lat' dir='ltr'><strong>arcus</strong></span> <span class='ocrx_word' id='word_1_73' title='bbox 1118 1366 1234 1445; x_wconf 92' lang='lat' dir='ltr'><strong>ipsi</strong></span> <span class='ocrx_word' id='word_1_74' title='bbox 1265 1376 1408 1425; x_wconf 92' lang='lat' dir='ltr'><strong>sunt</strong></span> <span class='ocrx_word' id='word_1_75' title='bbox 1437 1366 1786 1444; x_wconf 80' lang='lat' dir='ltr'><strong>inaequales,</strong></span> <span class='ocrx_word' id='word_1_76' title='bbox 1850 1367 2004 1425; x_wconf 88' lang='lat' dir='ltr'><strong>Haec</strong></span> 
     </span>
     <span class='ocr_line' id='line_1_12' title="bbox 267 1459 2007 1540; baseline -0.001 -20"><span class='ocrx_word' id='word_1_77' title='bbox 267 1461 380 1520; x_wconf 91' lang='lat' dir='ltr'><strong>tibi</strong></span> <span class='ocrx_word' id='word_1_78' title='bbox 410 1461 555 1521; x_wconf 88' lang='lat' dir='ltr'><strong>satis</strong></span> <span class='ocrx_word' id='word_1_79' title='bbox 584 1461 904 1540; x_wconf 88' lang='lat' dir='ltr'><strong>perspicue</strong></span> <span class='ocrx_word' id='word_1_80' title='bbox 928 1471 1079 1539; x_wconf 87' lang='lat' dir='ltr'><strong>puto</strong></span> <span class='ocrx_word' id='word_1_81' title='bbox 1105 1459 1419 1539; x_wconf 83' lang='lat' dir='ltr'><strong>explicavi.</strong></span> <span class='ocrx_word' id='word_1_82' title='bbox 1511 1460 1619 1519; x_wconf 87' lang='lat' dir='ltr'><strong>Sin</strong></span> <span class='ocrx_word' id='word_1_83' title='bbox 1643 1471 2007 1539; x_wconf 88' lang='lat' dir='ltr'><strong>argumenta</strong></span> 
     </span>
     <span class='ocr_line' id='line_1_13' title="bbox 270 1555 2006 1615; baseline 0 0"><span class='ocrx_word' id='word_1_84' title='bbox 270 1555 464 1615; x_wconf 86' lang='lat' dir='ltr'><strong>Clavii</strong></span> <span class='ocrx_word' id='word_1_85' title='bbox 515 1566 732 1615; x_wconf 87' lang='lat' dir='ltr'><strong>contra</strong></span> <span class='ocrx_word' id='word_1_86' title='bbox 783 1555 1173 1615; x_wconf 90' lang='lat' dir='ltr'><strong>Pelletarium</strong></span> <span class='ocrx_word' id='word_1_87' title='bbox 1231 1573 1544 1613; x_wconf 91' lang='lat' dir='ltr'><strong>assensum</strong></span> <span class='ocrx_word' id='word_1_88' title='bbox 1590 1564 1766 1613; x_wconf 92' lang='lat' dir='ltr'><strong>tuum</strong></span> <span class='ocrx_word' id='word_1_89' title='bbox 1823 1555 2006 1615; x_wconf 88' lang='lat' dir='ltr'><strong>etiam</strong></span> 
     </span>
    </p>
   </div>
   <div class='ocr_carea' id='block_1_3' title="bbox 267 1648 1798 1731">
    <p class='ocr_par' dir='ltr' id='par_1_4' title="bbox 267 1648 1798 1731">
     <span class='ocr_line' id='line_1_14' title="bbox 267 1648 1798 1731; baseline -0.001 -20"><span class='ocrx_word' id='word_1_90' title='bbox 267 1648 432 1712; x_wconf 87' lang='lat' dir='ltr'><strong>nunc</strong></span> <span class='ocrx_word' id='word_1_91' title='bbox 461 1651 819 1731; x_wconf 88' lang='lat' dir='ltr'><strong>impediant,</strong></span> <span class='ocrx_word' id='word_1_92' title='bbox 849 1651 1061 1711; x_wconf 89' lang='lat' dir='ltr'><strong>tollam</strong></span> <span class='ocrx_word' id='word_1_93' title='bbox 1094 1670 1165 1710; x_wconf 90' lang='lat' dir='ltr'><strong>ea</strong></span> <span class='ocrx_word' id='word_1_94' title='bbox 1194 1670 1334 1709; x_wconf 88' lang='lat' dir='ltr'><strong>cum</strong></span> <span class='ocrx_word' id='word_1_95' title='bbox 1363 1649 1522 1709; x_wconf 89' lang='lat' dir='ltr'><strong>istuc</strong></span> <span class='ocrx_word' id='word_1_96' title='bbox 1551 1669 1798 1710; x_wconf 78' lang='lat' dir='ltr'><strong>venero·</strong></span> 
     </span>
    </p>
   </div>
   <div class='ocr_carea' id='block_1_4' title="bbox 978 1831 1303 1838">
    <p class='ocr_par' dir='ltr' id='par_1_5' title="bbox 978 1831 1303 1838">
     <span class='ocr_line' id='line_1_15' title="bbox 978 1831 1303 1838; baseline -0.006 0"><span class='ocrx_word' id='word_1_97' title='bbox 978 1831 1303 1838; x_wconf 69' lang='lat'><em>——-——</em></span> 
     </span>
    </p>
   </div>
   <div class='ocr_carea' id='block_1_5' title="bbox 978 1841 1304 1855">
    <p class='ocr_par' dir='ltr' id='par_1_6' title="bbox 978 1841 1304 1855">
     <span class='ocr_line' id='line_1_16' title="bbox 978 1841 1304 1855; baseline 0 0"><span class='ocrx_word' id='word_1_98' title='bbox 978 1841 1304 1855; x_wconf 95' lang='lat' dir='ltr'><strong> </strong></span> 
     </span>
    </p>
   </div>
   <div class='ocr_carea' id='block_1_6' title="bbox 972 1963 1303 2023">
    <p class='ocr_par' dir='ltr' id='par_1_7' title="bbox 972 1963 1303 2023">
     <span class='ocr_line' id='line_1_17' title="bbox 972 1963 1303 2023; baseline -0.003 -1"><span class='ocrx_word' id='word_1_99' title='bbox 972 1963 1147 2023; x_wconf 87' lang='lat' dir='ltr'><strong>CAP.</strong></span> <span class='ocrx_word' id='word_1_100' title='bbox 1192 1963 1303 2022; x_wconf 89' lang='lat' dir='ltr'><strong>IX.</strong></span> 
     </span>
    </p>
   </div>
   <div class='ocr_carea' id='block_1_7' title="bbox 937 2105 1343 2149">
    <p class='ocr_par' dir='ltr' id='par_1_8' title="bbox 937 2105 1343 2149">
     <span class='ocr_line' id='line_1_18' title="bbox 937 2105 1343 2149; baseline -0.005 -1"><span class='ocrx_word' id='word_1_101' title='bbox 937 2107 1026 2148; x_wconf 90' lang='lat' dir='ltr'><strong>DE</strong></span> <span class='ocrx_word' id='word_1_102' title='bbox 1062 2105 1343 2149; x_wconf 83' lang='lat' dir='ltr'><strong>FIGURA.</strong></span> 
     </span>
    </p>
   </div>
   <div class='ocr_carea' id='block_1_8' title="bbox 266 2213 2017 3716">
    <p class='ocr_par' dir='ltr' id='par_1_9' title="bbox 266 2213 2013 2578">
     <span class='ocr_line' id='line_1_19' title="bbox 271 2213 2013 2292; baseline -0.002 -17"><span class='ocrx_word' id='word_1_103' title='bbox 271 2215 653 2275; x_wconf 78' lang='lat' dir='ltr'><strong>DEFINITIO</strong></span> <span class='ocrx_word' id='word_1_104' title='bbox 716 2214 956 2274; x_wconf 90' lang='lat' dir='ltr'><strong>decima</strong></span> <span class='ocrx_word' id='word_1_105' title='bbox 1001 2214 1203 2286; x_wconf 87' lang='lat' dir='ltr'><strong>tertia,</strong></span> <span class='ocrx_word' id='word_1_106' title='bbox 1263 2233 1503 2292; x_wconf 83' lang='lat' dir='ltr'><strong>nempe,</strong></span> <span class='ocrx_word' id='word_1_107' title='bbox 1563 2213 1859 2272; x_wconf 77' lang='lat' dir='ltr'><strong>terminus</strong></span> <span class='ocrx_word' id='word_1_108' title='bbox 1916 2221 2013 2272; x_wconf 75' lang='lat' dir='ltr'><strong>est</strong></span> 
     </span>
     <span class='ocr_line' id='line_1_20' title="bbox 266 2308 2013 2392; baseline -0.002 -22"><span class='ocrx_word' id='word_1_109' title='bbox 266 2311 438 2392; x_wconf 87' lang='lat' dir='ltr'><strong>quod</strong></span> <span class='ocrx_word' id='word_1_110' title='bbox 483 2310 752 2389; x_wconf 73' lang='lat' dir='ltr'><strong>alicujus</strong></span> <span class='ocrx_word' id='word_1_111' title='bbox 802 2316 1134 2368; x_wconf 68' lang='lat' dir='ltr'><strong>extremum</strong></span> <span class='ocrx_word' id='word_1_112' title='bbox 1178 2317 1292 2379; x_wconf 77' lang='lat' dir='ltr'><strong>est,</strong></span> <span class='ocrx_word' id='word_1_113' title='bbox 1333 2328 1467 2368; x_wconf 90' lang='lat' dir='ltr'><strong>sera</strong></span> <span class='ocrx_word' id='word_1_114' title='bbox 1507 2308 1713 2367; x_wconf 88' lang='lat' dir='ltr'><strong>venit:</strong></span> <span class='ocrx_word' id='word_1_115' title='bbox 1760 2328 1899 2368; x_wconf 90' lang='lat' dir='ltr'><strong>cum</strong></span> <span class='ocrx_word' id='word_1_116' title='bbox 1948 2308 2013 2367; x_wconf 92' lang='lat' dir='ltr'><strong>in</strong></span> 
     </span>
     <span class='ocr_line' id='line_1_21' title="bbox 272 2401 2013 2483; baseline -0.002 -18"><span class='ocrx_word' id='word_1_117' title='bbox 272 2406 459 2466; x_wconf 87' lang='lat' dir='ltr'><strong>tertia</strong></span> <span class='ocrx_word' id='word_1_118' title='bbox 488 2414 551 2464; x_wconf 91' lang='lat' dir='ltr'><strong>et</strong></span> <span class='ocrx_word' id='word_1_119' title='bbox 581 2414 751 2464; x_wconf 90' lang='lat' dir='ltr'><strong>sexta</strong></span> <span class='ocrx_word' id='word_1_120' title='bbox 798 2403 1134 2463; x_wconf 86' lang='lat' dir='ltr'><strong>definiisset</strong></span> <span class='ocrx_word' id='word_1_121' title='bbox 1172 2403 1467 2463; x_wconf 84' lang='lat' dir='ltr'><strong>terminos</strong></span> <span class='ocrx_word' id='word_1_122' title='bbox 1502 2401 1679 2461; x_wconf 85' lang='lat' dir='ltr'><strong>lineae</strong></span> <span class='ocrx_word' id='word_1_123' title='bbox 1710 2413 1771 2463; x_wconf 95' lang='lat' dir='ltr'><strong>et</strong></span> <span class='ocrx_word' id='word_1_124' title='bbox 1802 2422 2013 2483; x_wconf 89' lang='lat' dir='ltr'><strong>super-</strong></span> 
     </span>
     <span class='ocr_line' id='line_1_22' title="bbox 273 2501 869 2578; baseline -0.005 -18"><span class='ocrx_word' id='word_1_125' title='bbox 273 2501 433 2560; x_wconf 90' lang='lat' dir='ltr'><strong>ficiei</strong></span> <span class='ocrx_word' id='word_1_126' title='bbox 463 2519 593 2560; x_wconf 89' lang='lat' dir='ltr'><strong>esse</strong></span> <span class='ocrx_word' id='word_1_127' title='bbox 623 2508 869 2578; x_wconf 91' lang='lat' dir='ltr'><strong>puncta.</strong></span> 
     </span>
    </p>

    <p class='ocr_par' dir='ltr' id='par_1_10' title="bbox 275 2595 2017 3716">
     <span class='ocr_line' id='line_1_23' title="bbox 358 2595 2014 2678; baseline -0.002 -20"><span class='ocrx_word' id='word_1_128' title='bbox 358 2598 649 2658; x_wconf 90' lang='lat' dir='ltr'><strong>Definitio</strong></span> <span class='ocrx_word' id='word_1_129' title='bbox 681 2597 916 2656; x_wconf 92' lang='lat' dir='ltr'><strong>decima</strong></span> <span class='ocrx_word' id='word_1_130' title='bbox 945 2604 1180 2676; x_wconf 87' lang='lat' dir='ltr'><strong>quarta,</strong></span> <span class='ocrx_word' id='word_1_131' title='bbox 1206 2597 1438 2677; x_wconf 84' lang='lat' dir='ltr'><strong>figura</strong></span> <span class='ocrx_word' id='word_1_132' title='bbox 1488 2604 1582 2657; x_wconf 73' lang='lat' dir='ltr'><strong>est</strong></span> <span class='ocrx_word' id='word_1_133' title='bbox 1624 2618 1762 2678; x_wconf 80' lang='lat' dir='ltr'><strong>quoe</strong></span> <span class='ocrx_word' id='word_1_134' title='bbox 1808 2595 2014 2675; x_wconf 87' lang='lat' dir='ltr'><strong>aliquo</strong></span> 
     </span>
     <span class='ocr_line' id='line_1_24' title="bbox 275 2691 2013 2772; baseline -0.001 -20"><span class='ocrx_word' id='word_1_135' title='bbox 275 2692 375 2753; x_wconf 82' lang='lat' dir='ltr'><strong>vel</strong></span> <span class='ocrx_word' id='word_1_136' title='bbox 421 2691 733 2772; x_wconf 75' lang='lat' dir='ltr'><strong>aliquibus</strong></span> <span class='ocrx_word' id='word_1_137' title='bbox 793 2692 1073 2751; x_wconf 73' lang='lat' dir='ltr'><strong>terminis</strong></span> <span class='ocrx_word' id='word_1_138' title='bbox 1131 2691 1687 2772; x_wconf 77' lang='lat' dir='ltr'><strong>comprehenditur.</strong></span> <span class='ocrx_word' id='word_1_139' title='bbox 1787 2692 2013 2752; x_wconf 78' lang='lat' dir='ltr'><strong>Quaero</strong></span> 
     </span>
     <span class='ocr_line' id='line_1_25' title="bbox 276 2786 2014 2866; baseline -0.001 -20"><span class='ocrx_word' id='word_1_140' title='bbox 276 2787 378 2846; x_wconf 83' lang='lat' dir='ltr'><strong>hic</strong></span> <span class='ocrx_word' id='word_1_141' title='bbox 423 2786 641 2864; x_wconf 90' lang='lat' dir='ltr'><strong>prim0,</strong></span> <span class='ocrx_word' id='word_1_142' title='bbox 672 2786 752 2846; x_wconf 93' lang='lat' dir='ltr'><strong>ad</strong></span> <span class='ocrx_word' id='word_1_143' title='bbox 791 2807 973 2865; x_wconf 89' lang='lat' dir='ltr'><strong>quam</strong></span> <span class='ocrx_word' id='word_1_144' title='bbox 1010 2806 1227 2846; x_wconf 89' lang='lat' dir='ltr'><strong>vocem</strong></span> <span class='ocrx_word' id='word_1_145' title='bbox 1275 2806 1623 2866; x_wconf 86' lang='lat' dir='ltr'><strong>expressam</strong></span> <span class='ocrx_word' id='word_1_146' title='bbox 1652 2787 1750 2847; x_wconf 89' lang='lat' dir='ltr'><strong>vel</strong></span> <span class='ocrx_word' id='word_1_147' title='bbox 1795 2787 2014 2846; x_wconf 91' lang='lat' dir='ltr'><strong>subau-</strong></span> 
     </span>
     <span class='ocr_line' id='line_1_26' title="bbox 281 2879 2017 2961; baseline -0.001 -21"><span class='ocrx_word' id='word_1_148' title='bbox 281 2881 468 2940; x_wconf 87' lang='lat' dir='ltr'><strong>ditam</strong></span> <span class='ocrx_word' id='word_1_149' title='bbox 522 2880 787 2939; x_wconf 83' lang='lat' dir='ltr'><strong>refertur</strong></span> <span class='ocrx_word' id='word_1_150' title='bbox 827 2901 950 2940; x_wconf 91' lang='lat' dir='ltr'><strong>vox</strong></span> <span class='ocrx_word' id='word_1_151' title='bbox 993 2881 1252 2940; x_wconf 88' lang='lat' dir='ltr'><strong>relativa</strong></span> <span class='ocrx_word' id='word_1_152' title='bbox 1280 2902 1436 2961; x_wconf 78' lang='lat' dir='ltr'><strong>quce.</strong></span> <span class='ocrx_word' id='word_1_153' title='bbox 1528 2883 1592 2942; x_wconf 91' lang='lat' dir='ltr'><strong>Si</strong></span> <span class='ocrx_word' id='word_1_154' title='bbox 1635 2882 1899 2941; x_wconf 88' lang='lat' dir='ltr'><strong>refertur</strong></span> <span class='ocrx_word' id='word_1_155' title='bbox 1937 2879 2017 2939; x_wconf 89' lang='lat' dir='ltr'><strong>ad</strong></span> 
     </span>
     <span class='ocr_line' id='line_1_27' title="bbox 281 2974 2017 3058; baseline -0.001 -23"><span class='ocrx_word' id='word_1_156' title='bbox 281 2977 560 3054; x_wconf 87' lang='lat' dir='ltr'><strong>figuram,</strong></span> <span class='ocrx_word' id='word_1_157' title='bbox 594 2975 867 3035; x_wconf 88' lang='lat' dir='ltr'><strong>definitio</strong></span> <span class='ocrx_word' id='word_1_158' title='bbox 898 2976 1016 3034; x_wconf 88' lang='lat' dir='ltr'><strong>erit</strong></span> <span class='ocrx_word' id='word_1_159' title='bbox 1048 2977 1295 3057; x_wconf 79' lang='lat' dir='ltr'><strong>(figura</strong></span> <span class='ocrx_word' id='word_1_160' title='bbox 1323 2985 1416 3036; x_wconf 74' lang='lat' dir='ltr'><strong>est</strong></span> <span class='ocrx_word' id='word_1_161' title='bbox 1444 2978 1674 3058; x_wconf 84' lang='lat' dir='ltr'><strong>figura</strong></span> <span class='ocrx_word' id='word_1_162' title='bbox 1717 2998 1853 3056; x_wconf 82' lang='lat' dir='ltr'><strong>quoe</strong></span> <span class='ocrx_word' id='word_1_163' title='bbox 1899 2974 2017 3034; x_wconf 89' lang='lat' dir='ltr'><strong>ali—</strong></span> 
     </span>
     <span class='ocr_line' id='line_1_28' title="bbox 282 3069 2017 3153; baseline 0.001 -26"><span class='ocrx_word' id='word_1_164' title='bbox 282 3090 419 3150; x_wconf 89' lang='lat' dir='ltr'><strong>qu0,</strong></span> <span class='ocrx_word' id='word_1_165' title='bbox 444 3072 589 3146; x_wconf 86' lang='lat' dir='ltr'><strong>eto.)</strong></span> <span class='ocrx_word' id='word_1_166' title='bbox 623 3069 857 3129; x_wconf 87' lang='lat' dir='ltr'><strong>vitiosa.</strong></span> <span class='ocrx_word' id='word_1_167' title='bbox 946 3070 1054 3129; x_wconf 87' lang='lat' dir='ltr'><strong>Sin</strong></span> <span class='ocrx_word' id='word_1_168' title='bbox 1092 3070 1172 3130; x_wconf 87' lang='lat' dir='ltr'><strong>ad</strong></span> <span class='ocrx_word' id='word_1_169' title='bbox 1200 3091 1414 3130; x_wconf 91' lang='lat' dir='ltr'><strong>vocem</strong></span> <span class='ocrx_word' id='word_1_170' title='bbox 1460 3071 1837 3153; x_wconf 80' lang='lat' dir='ltr'><strong>magnitudO,</strong></span> <span class='ocrx_word' id='word_1_171' title='bbox 1869 3075 2017 3129; x_wconf 80' lang='lat' dir='ltr'><strong>&#39;tum</strong></span> 
     </span>
     <span class='ocr_line' id='line_1_29' title="bbox 285 3163 2017 3245; baseline -0.002 -21"><span class='ocrx_word' id='word_1_172' title='bbox 285 3163 557 3224; x_wconf 89' lang='lat' dir='ltr'><strong>definitio</strong></span> <span class='ocrx_word' id='word_1_173' title='bbox 615 3163 756 3221; x_wconf 89' lang='lat' dir='ltr'><strong>talis</strong></span> <span class='ocrx_word' id='word_1_174' title='bbox 802 3163 953 3222; x_wconf 89' lang='lat' dir='ltr'><strong>erit:</strong></span> <span class='ocrx_word' id='word_1_175' title='bbox 1006 3164 1253 3245; x_wconf 82' lang='lat' dir='ltr'><strong>Figura</strong></span> <span class='ocrx_word' id='word_1_176' title='bbox 1310 3173 1405 3224; x_wconf 74' lang='lat' dir='ltr'><strong>est</strong></span> <span class='ocrx_word' id='word_1_177' title='bbox 1459 3166 1822 3245; x_wconf 78' lang='lat' dir='ltr'><strong>magnitudo</strong></span> <span class='ocrx_word' id='word_1_178' title='bbox 1880 3185 2017 3245; x_wconf 82' lang='lat' dir='ltr'><strong>quoe</strong></span> 
     </span>
     <span class='ocr_line' id='line_1_30' title="bbox 286 3255 2017 3339; baseline -0.002 -21"><span class='ocrx_word' id='word_1_179' title='bbox 286 3258 496 3337; x_wconf 91' lang='lat' dir='ltr'><strong>aliquo</strong></span> <span class='ocrx_word' id='word_1_180' title='bbox 525 3255 622 3315; x_wconf 78' lang='lat' dir='ltr'><strong>vel</strong></span> <span class='ocrx_word' id='word_1_181' title='bbox 657 3255 960 3334; x_wconf 76' lang='lat' dir='ltr'><strong>aliquibus</strong></span> <span class='ocrx_word' id='word_1_182' title='bbox 1001 3259 1278 3317; x_wconf 72' lang='lat' dir='ltr'><strong>terminis</strong></span> <span class='ocrx_word' id='word_1_183' title='bbox 1308 3258 1876 3339; x_wconf 74' lang='lat' dir='ltr'><strong>comprehenditur:</strong></span> <span class='ocrx_word' id='word_1_184' title='bbox 1921 3256 2017 3314; x_wconf 90' lang='lat' dir='ltr'><strong>vel</strong></span> 
     </span>
     <span class='ocr_line' id='line_1_31' title="bbox 284 3350 2015 3434; baseline -0.002 -22"><span class='ocrx_word' id='word_1_185' title='bbox 284 3352 550 3423; x_wconf 82' lang='lat' dir='ltr'><strong>breviuS,</strong></span> <span class='ocrx_word' id='word_1_186' title='bbox 579 3351 808 3430; x_wconf 84' lang='lat' dir='ltr'><strong>figura</strong></span> <span class='ocrx_word' id='word_1_187' title='bbox 847 3359 942 3410; x_wconf 72' lang='lat' dir='ltr'><strong>est</strong></span> <span class='ocrx_word' id='word_1_188' title='bbox 980 3353 1339 3432; x_wconf 80' lang='lat' dir='ltr'><strong>magnitudo</strong></span> <span class='ocrx_word' id='word_1_189' title='bbox 1381 3354 1772 3434; x_wconf 85' lang='lat' dir='ltr'><strong>undiquaque</strong></span> <span class='ocrx_word' id='word_1_190' title='bbox 1799 3350 2015 3429; x_wconf 82' lang='lat' dir='ltr'><strong>finita.</strong></span> 
     </span>
     <span class='ocr_line' id='line_1_32' title="bbox 291 3444 2016 3526; baseline -0.002 -20"><span class='ocrx_word' id='word_1_191' title='bbox 291 3447 446 3507; x_wconf 74' lang='lat' dir='ltr'><strong>Quae</strong></span> <span class='ocrx_word' id='word_1_192' title='bbox 477 3445 723 3524; x_wconf 92' lang='lat' dir='ltr'><strong>quidem</strong></span> <span class='ocrx_word' id='word_1_193' title='bbox 755 3444 1028 3505; x_wconf 90' lang='lat' dir='ltr'><strong>definitio</strong></span> <span class='ocrx_word' id='word_1_194' title='bbox 1061 3456 1151 3506; x_wconf 92' lang='lat' dir='ltr'><strong>est</strong></span> <span class='ocrx_word' id='word_1_195' title='bbox 1179 3448 1472 3526; x_wconf 89' lang='lat' dir='ltr'><strong>legitima.</strong></span> <span class='ocrx_word' id='word_1_196' title='bbox 1563 3448 1683 3508; x_wconf 91' lang='lat' dir='ltr'><strong>Sed</strong></span> <span class='ocrx_word' id='word_1_197' title='bbox 1714 3444 2016 3526; x_wconf 91' lang='lat' dir='ltr'><strong>quomodo</strong></span> 
     </span>
     <span class='ocr_line' id='line_1_33' title="bbox 289 3538 2014 3602; baseline -0.002 -1"><span class='ocrx_word' id='word_1_198' title='bbox 289 3539 573 3601; x_wconf 88' lang='lat' dir='ltr'><strong>excludet</strong></span> <span class='ocrx_word' id='word_1_199' title='bbox 602 3539 676 3597; x_wconf 87' lang='lat' dir='ltr'><strong>ab</strong></span> <span class='ocrx_word' id='word_1_200' title='bbox 706 3539 821 3597; x_wconf 89' lang='lat' dir='ltr'><strong>hac</strong></span> <span class='ocrx_word' id='word_1_201' title='bbox 852 3538 1204 3601; x_wconf 89' lang='lat' dir='ltr'><strong>definitione</strong></span> <span class='ocrx_word' id='word_1_202' title='bbox 1229 3542 1471 3602; x_wconf 87' lang='lat' dir='ltr'><strong>Clavius</strong></span> <span class='ocrx_word' id='word_1_203' title='bbox 1494 3544 1729 3601; x_wconf 89' lang='lat' dir='ltr'><strong>finitam</strong></span> <span class='ocrx_word' id='word_1_204' title='bbox 1751 3539 2014 3599; x_wconf 84' lang='lat' dir='ltr'><strong>lineam?</strong></span> 
     </span>
     <span class='ocr_line' id='line_1_34' title="bbox 291 3633 2014 3716; baseline -0.003 -20"><span class='ocrx_word' id='word_1_205' title='bbox 291 3636 473 3696; x_wconf 91' lang='lat' dir='ltr'><strong>Dicet</strong></span> <span class='ocrx_word' id='word_1_206' title='bbox 512 3633 790 3706; x_wconf 85' lang='lat' dir='ltr'><strong>fortasse,</strong></span> <span class='ocrx_word' id='word_1_207' title='bbox 821 3633 1041 3693; x_wconf 91' lang='lat' dir='ltr'><strong>lineam</strong></span> <span class='ocrx_word' id='word_1_208' title='bbox 1075 3655 1210 3714; x_wconf 85' lang='lat' dir='ltr'><strong>quae</strong></span> <span class='ocrx_word' id='word_1_209' title='bbox 1262 3635 1581 3716; x_wconf 82' lang='lat' dir='ltr'><strong>longitudo</strong></span> <span class='ocrx_word' id='word_1_210' title='bbox 1634 3642 1864 3695; x_wconf 86' lang='lat' dir='ltr'><strong>tantum</strong></span> <span class='ocrx_word' id='word_1_211' title='bbox 1903 3639 2014 3704; x_wconf 72' lang='lat' dir='ltr'><strong>est,</strong></span> 
     </span>
    </p>
   </div>
  </div>
 </body>
</html>
