<?xml version="1.0" encoding="UTF-8"?>
<!DOCTYPE html PUBLIC "-//W3C//DTD XHTML 1.0 Transitional//EN"
    "http://www.w3.org/TR/xhtml1/DTD/xhtml1-transitional.dtd">
<html xmlns="http://www.w3.org/1999/xhtml" xml:lang="en" lang="en">
 <head>
  <title>
</title>
<meta http-equiv="Content-Type" content="text/html;charset=utf-8" />
  <meta name='ocr-system' content='tesseract 3.04.00' />
  <meta name='ocr-capabilities' content='ocr_page ocr_carea ocr_par ocr_line ocrx_word'/>
</head>
<body>
  <div class='ocr_page' id='page_1' title='image "./operaphilosophic04hobbuoft_0099.png"; bbox 0 0 2462 4120; ppageno 0'>
   <div class='ocr_carea' id='block_1_1' title="bbox 634 347 2001 412">
    <p class='ocr_par' dir='ltr' id='par_1_1' title="bbox 634 347 2001 412">
     <span class='ocr_line' id='line_1_1' title="bbox 634 347 2001 412; baseline 0.003 -12"><span class='ocrx_word' id='word_1_1' title='bbox 634 357 1162 400; x_wconf 81' lang='lat' dir='ltr'><strong>MATHEMATICAE</strong></span> <span class='ocrx_word' id='word_1_2' title='bbox 1198 358 1606 403; x_wconf 84' lang='lat' dir='ltr'>HODIERNAE.</span> <span class='ocrx_word' id='word_1_3' title='bbox 1921 347 2001 412; x_wconf 87' lang='lat'>87</span> 
     </span>
    </p>
   </div>
   <div class='ocr_carea' id='block_1_2' title="bbox 257 507 1999 1537">
    <p class='ocr_par' dir='ltr' id='par_1_2' title="bbox 347 507 719 570">
     <span class='ocr_line' id='line_1_2' title="bbox 347 507 719 570; baseline -0.003 -2"><span class='ocrx_word' id='word_1_4' title='bbox 347 508 427 570; x_wconf 91' lang='lat' dir='ltr'>B.</span> <span class='ocrx_word' id='word_1_5' title='bbox 472 507 719 567; x_wconf 89' lang='lat' dir='ltr'>Verum.</span> 
     </span>
    </p>

    <p class='ocr_par' dir='ltr' id='par_1_3' title="bbox 342 600 1998 682">
     <span class='ocr_line' id='line_1_3' title="bbox 342 600 1998 682; baseline 0.004 -22"><span class='ocrx_word' id='word_1_6' title='bbox 342 600 419 663; x_wconf 91' lang='lat' dir='ltr'>A.</span> <span class='ocrx_word' id='word_1_7' title='bbox 463 603 628 681; x_wconf 91' lang='lat' dir='ltr'>Ergo</span> <span class='ocrx_word' id='word_1_8' title='bbox 657 600 1028 681; x_wconf 89' lang='lat' dir='ltr'>principium</span> <span class='ocrx_word' id='word_1_9' title='bbox 1057 600 1332 662; x_wconf 87' lang='lat' dir='ltr'>scientiae</span> <span class='ocrx_word' id='word_1_10' title='bbox 1361 610 1455 662; x_wconf 92' lang='lat' dir='ltr'>est</span> <span class='ocrx_word' id='word_1_11' title='bbox 1481 604 1749 682; x_wconf 84' lang='lat' dir='ltr'>cognitio</span> <span class='ocrx_word' id='word_1_12' title='bbox 1780 624 1998 666; x_wconf 89' lang='lat' dir='ltr'>causae.</span> 
     </span>
    </p>

    <p class='ocr_par' dir='ltr' id='par_1_4' title="bbox 347 697 696 757">
     <span class='ocr_line' id='line_1_4' title="bbox 347 697 696 757; baseline -0.003 0"><span class='ocrx_word' id='word_1_13' title='bbox 347 697 428 757; x_wconf 89' lang='lat' dir='ltr'>B.</span> <span class='ocrx_word' id='word_1_14' title='bbox 473 697 696 757; x_wconf 89' lang='lat' dir='ltr'>Etiam.</span> 
     </span>
    </p>

    <p class='ocr_par' dir='ltr' id='par_1_5' title="bbox 261 790 1998 947">
     <span class='ocr_line' id='line_1_5' title="bbox 343 790 1998 870; baseline 0.003 -19"><span class='ocrx_word' id='word_1_15' title='bbox 343 791 425 852; x_wconf 88' lang='lat' dir='ltr'>A.</span> <span class='ocrx_word' id='word_1_16' title='bbox 473 791 761 870; x_wconf 86' lang='lat' dir='ltr'><strong>Sequitur</strong></span> <span class='ocrx_word' id='word_1_17' title='bbox 804 811 950 870; x_wconf 92' lang='lat' dir='ltr'>ergo</span> <span class='ocrx_word' id='word_1_18' title='bbox 993 790 1409 870; x_wconf 83' lang='lat' dir='ltr'>cognitionem</span> <span class='ocrx_word' id='word_1_19' title='bbox 1455 811 1655 852; x_wconf 89' lang='lat' dir='ltr'>causae</span> <span class='ocrx_word' id='word_1_20' title='bbox 1697 795 1998 856; x_wconf 86' lang='lat' dir='ltr'>contineri</span> 
     </span>
     <span class='ocr_line' id='line_1_6' title="bbox 261 885 980 947; baseline -0.001 0"><span class='ocrx_word' id='word_1_21' title='bbox 261 886 482 947; x_wconf 91' lang='lat' dir='ltr'>debere</span> <span class='ocrx_word' id='word_1_22' title='bbox 511 886 576 946; x_wconf 93' lang='lat' dir='ltr'>in</span> <span class='ocrx_word' id='word_1_23' title='bbox 607 885 980 946; x_wconf 90' lang='lat' dir='ltr'>definitione.</span> 
     </span>
    </p>

    <p class='ocr_par' dir='ltr' id='par_1_6' title="bbox 345 982 710 1042">
     <span class='ocr_line' id='line_1_7' title="bbox 345 982 710 1042; baseline -0.003 0"><span class='ocrx_word' id='word_1_24' title='bbox 345 982 427 1042; x_wconf 86' lang='lat' dir='ltr'>B.</span> <span class='ocrx_word' id='word_1_25' title='bbox 471 983 710 1042; x_wconf 83' lang='lat' dir='ltr'>Fateor.</span> 
     </span>
    </p>

    <p class='ocr_par' dir='ltr' id='par_1_7' title="bbox 257 1075 1999 1251">
     <span class='ocr_line' id='line_1_8' title="bbox 341 1075 1999 1157; baseline 0.001 -20"><span class='ocrx_word' id='word_1_26' title='bbox 341 1077 424 1137; x_wconf 88' lang='lat' dir='ltr'>A.</span> <span class='ocrx_word' id='word_1_27' title='bbox 470 1077 686 1155; x_wconf 89' lang='lat' dir='ltr'>Itaque</span> <span class='ocrx_word' id='word_1_28' title='bbox 711 1077 939 1157; x_wconf 90' lang='lat' dir='ltr'>optime</span> <span class='ocrx_word' id='word_1_29' title='bbox 963 1076 1264 1136; x_wconf 91' lang='lat' dir='ltr'>definiunt</span> <span class='ocrx_word' id='word_1_30' title='bbox 1285 1075 1393 1150; x_wconf 91' lang='lat' dir='ltr'>illi,</span> <span class='ocrx_word' id='word_1_31' title='bbox 1414 1075 1518 1154; x_wconf 88' lang='lat' dir='ltr'>qui</span> <span class='ocrx_word' id='word_1_32' title='bbox 1539 1078 1999 1155; x_wconf 84' lang='lat' dir='ltr'>generationem</span> 
     </span>
     <span class='ocr_line' id='line_1_9' title="bbox 257 1172 1181 1251; baseline -0.002 -18"><span class='ocrx_word' id='word_1_33' title='bbox 257 1173 349 1234; x_wconf 92' lang='lat' dir='ltr'>rei</span> <span class='ocrx_word' id='word_1_34' title='bbox 376 1173 441 1233; x_wconf 91' lang='lat' dir='ltr'>in</span> <span class='ocrx_word' id='word_1_35' title='bbox 472 1172 825 1233; x_wconf 87' lang='lat' dir='ltr'>definitione</span> <span class='ocrx_word' id='word_1_36' title='bbox 855 1172 1181 1251; x_wconf 87' lang='lat' dir='ltr'>explicant.</span> 
     </span>
    </p>

    <p class='ocr_par' dir='ltr' id='par_1_8' title="bbox 258 1264 1999 1537">
     <span class='ocr_line' id='line_1_10' title="bbox 347 1264 1997 1344; baseline -0.001 -17"><span class='ocrx_word' id='word_1_37' title='bbox 347 1266 428 1327; x_wconf 87' lang='lat' dir='ltr'>B.</span> <span class='ocrx_word' id='word_1_38' title='bbox 472 1268 675 1327; x_wconf 90' lang='lat' dir='ltr'>Etiam</span> <span class='ocrx_word' id='word_1_39' title='bbox 703 1267 821 1327; x_wconf 92' lang='lat' dir='ltr'>hoc</span> <span class='ocrx_word' id='word_1_40' title='bbox 851 1265 1164 1334; x_wconf 82' lang='lat' dir='ltr'>conced03</span> <span class='ocrx_word' id='word_1_41' title='bbox 1213 1273 1276 1325; x_wconf 90' lang='lat' dir='ltr'>et</span> <span class='ocrx_word' id='word_1_42' title='bbox 1318 1265 1382 1324; x_wconf 92' lang='lat' dir='ltr'>in</span> <span class='ocrx_word' id='word_1_43' title='bbox 1411 1264 1682 1324; x_wconf 90' lang='lat' dir='ltr'>Euclidis</span> <span class='ocrx_word' id='word_1_44' title='bbox 1722 1266 1997 1344; x_wconf 72' lang='lat' dir='ltr'>sphaerae,</span> 
     </span>
     <span class='ocr_line' id='line_1_11' title="bbox 262 1360 1999 1442; baseline -0.001 -20"><span class='ocrx_word' id='word_1_45' title='bbox 262 1362 421 1437; x_wconf 88' lang='lat' dir='ltr'>coni,</span> <span class='ocrx_word' id='word_1_46' title='bbox 452 1372 516 1422; x_wconf 92' lang='lat' dir='ltr'>et</span> <span class='ocrx_word' id='word_1_47' title='bbox 554 1362 814 1442; x_wconf 87' lang='lat' dir='ltr'>cylindri</span> <span class='ocrx_word' id='word_1_48' title='bbox 854 1361 1332 1432; x_wconf 77' lang='lat' dir='ltr'>definitionibUS,</span> <span class='ocrx_word' id='word_1_49' title='bbox 1383 1360 1812 1438; x_wconf 83' lang='lat' dir='ltr'>generationes</span> <span class='ocrx_word' id='word_1_50' title='bbox 1864 1361 1999 1420; x_wconf 92' lang='lat' dir='ltr'>illo-</span> 
     </span>
     <span class='ocr_line' id='line_1_12' title="bbox 258 1454 1999 1537; baseline -0.001 -20"><span class='ocrx_word' id='word_1_51' title='bbox 258 1477 397 1517; x_wconf 91' lang='lat' dir='ltr'>rum</span> <span class='ocrx_word' id='word_1_52' title='bbox 426 1477 749 1537; x_wconf 88' lang='lat' dir='ltr'>corporum</span> <span class='ocrx_word' id='word_1_53' title='bbox 777 1456 974 1532; x_wconf 88' lang='lat' dir='ltr'>vide0,</span> <span class='ocrx_word' id='word_1_54' title='bbox 1007 1476 1356 1535; x_wconf 90' lang='lat' dir='ltr'>quanquam</span> <span class='ocrx_word' id='word_1_55' title='bbox 1389 1475 1514 1514; x_wconf 91' lang='lat' dir='ltr'>non</span> <span class='ocrx_word' id='word_1_56' title='bbox 1545 1454 1823 1515; x_wconf 88' lang='lat' dir='ltr'>similiter</span> <span class='ocrx_word' id='word_1_57' title='bbox 1852 1455 1999 1515; x_wconf 90' lang='lat' dir='ltr'>defi-</span> 
     </span>
    </p>
   </div>
   <div class='ocr_carea' id='block_1_3' title="bbox 255 1552 1999 3250">
    <p class='ocr_par' dir='ltr' id='par_1_9' title="bbox 259 1552 801 1612">
     <span class='ocr_line' id='line_1_13' title="bbox 259 1552 801 1612; baseline -0.002 0"><span class='ocrx_word' id='word_1_58' title='bbox 259 1552 458 1612; x_wconf 86' lang='lat' dir='ltr'>nierat</span> <span class='ocrx_word' id='word_1_59' title='bbox 486 1552 801 1612; x_wconf 90' lang='lat' dir='ltr'>circulum.</span> 
     </span>
    </p>

    <p class='ocr_par' dir='ltr' id='par_1_10' title="bbox 257 1644 1999 1915">
     <span class='ocr_line' id='line_1_14' title="bbox 344 1644 1999 1724; baseline -0.001 -18"><span class='ocrx_word' id='word_1_60' title='bbox 344 1646 424 1706; x_wconf 88' lang='lat' dir='ltr'>A.</span> <span class='ocrx_word' id='word_1_61' title='bbox 471 1647 556 1706; x_wconf 92' lang='lat' dir='ltr'>At</span> <span class='ocrx_word' id='word_1_62' title='bbox 584 1646 879 1706; x_wconf 91' lang='lat' dir='ltr'>circulum</span> <span class='ocrx_word' id='word_1_63' title='bbox 910 1644 1172 1704; x_wconf 83' lang='lat' dir='ltr'>describi</span> <span class='ocrx_word' id='word_1_64' title='bbox 1200 1664 1409 1723; x_wconf 68' lang='lat' dir='ltr'>posse,</span> <span class='ocrx_word' id='word_1_65' title='bbox 1443 1645 1549 1724; x_wconf 90' lang='lat' dir='ltr'>qui</span> <span class='ocrx_word' id='word_1_66' title='bbox 1588 1644 1852 1704; x_wconf 89' lang='lat' dir='ltr'>describi</span> <span class='ocrx_word' id='word_1_67' title='bbox 1880 1646 1999 1705; x_wconf 91' lang='lat' dir='ltr'>nisi</span> 
     </span>
     <span class='ocr_line' id='line_1_15' title="bbox 257 1739 1999 1822; baseline 0 -21"><span class='ocrx_word' id='word_1_68' title='bbox 257 1760 368 1822; x_wconf 92' lang='lat' dir='ltr'>per</span> <span class='ocrx_word' id='word_1_69' title='bbox 415 1751 652 1802; x_wconf 91' lang='lat' dir='ltr'>motum</span> <span class='ocrx_word' id='word_1_70' title='bbox 699 1762 827 1801; x_wconf 91' lang='lat' dir='ltr'>non</span> <span class='ocrx_word' id='word_1_71' title='bbox 875 1748 1101 1820; x_wconf 93' lang='lat' dir='ltr'>potest,</span> <span class='ocrx_word' id='word_1_72' title='bbox 1155 1739 1317 1800; x_wconf 91' lang='lat' dir='ltr'>inter</span> <span class='ocrx_word' id='word_1_73' title='bbox 1373 1739 1685 1820; x_wconf 89' lang='lat' dir='ltr'>postulata</span> <span class='ocrx_word' id='word_1_74' title='bbox 1738 1751 1811 1801; x_wconf 94' lang='lat' dir='ltr'>ut</span> <span class='ocrx_word' id='word_1_75' title='bbox 1867 1762 1999 1801; x_wconf 91' lang='lat' dir='ltr'>rem</span> 
     </span>
     <span class='ocr_line' id='line_1_16' title="bbox 258 1835 954 1915; baseline -0.003 -19"><span class='ocrx_word' id='word_1_76' title='bbox 258 1845 468 1897; x_wconf 90' lang='lat' dir='ltr'>notam</span> <span class='ocrx_word' id='word_1_77' title='bbox 496 1837 687 1915; x_wconf 90' lang='lat' dir='ltr'>gratis</span> <span class='ocrx_word' id='word_1_78' title='bbox 719 1835 954 1896; x_wconf 88' lang='lat' dir='ltr'>sumsit.</span> 
     </span>
    </p>

    <p class='ocr_par' dir='ltr' id='par_1_11' title="bbox 255 1929 1999 2296">
     <span class='ocr_line' id='line_1_17' title="bbox 338 1929 1998 2010; baseline -0.001 -18"><span class='ocrx_word' id='word_1_79' title='bbox 338 1933 421 1992; x_wconf 91' lang='lat' dir='ltr'>B.</span> <span class='ocrx_word' id='word_1_80' title='bbox 470 1931 700 1992; x_wconf 86' lang='lat' dir='ltr'>Saltem</span> <span class='ocrx_word' id='word_1_81' title='bbox 725 1931 926 1991; x_wconf 88' lang='lat' dir='ltr'>dicere</span> <span class='ocrx_word' id='word_1_82' title='bbox 958 1930 1170 1990; x_wconf 87' lang='lat' dir='ltr'>debuit</span> <span class='ocrx_word' id='word_1_83' title='bbox 1198 1929 1503 2004; x_wconf 87' lang='lat' dir='ltr'>Euclides,</span> <span class='ocrx_word' id='word_1_84' title='bbox 1531 1931 1837 2010; x_wconf 81' lang='lat' dir='ltr'>sphaeram</span> <span class='ocrx_word' id='word_1_85' title='bbox 1867 1951 1998 1991; x_wconf 93' lang='lat' dir='ltr'>esse</span> 
     </span>
     <span class='ocr_line' id='line_1_18' title="bbox 257 2026 1997 2107; baseline 0 -21"><span class='ocrx_word' id='word_1_86' title='bbox 257 2026 518 2087; x_wconf 90' lang='lat' dir='ltr'>solidum</span> <span class='ocrx_word' id='word_1_87' title='bbox 548 2026 723 2107; x_wconf 81' lang='lat' dir='ltr'>quale</span> <span class='ocrx_word' id='word_1_88' title='bbox 749 2028 840 2100; x_wconf 90' lang='lat' dir='ltr'>fit,</span> <span class='ocrx_word' id='word_1_89' title='bbox 869 2027 1074 2106; x_wconf 90' lang='lat' dir='ltr'>potius</span> <span class='ocrx_word' id='word_1_90' title='bbox 1105 2046 1286 2105; x_wconf 91' lang='lat' dir='ltr'>quam</span> <span class='ocrx_word' id='word_1_91' title='bbox 1319 2026 1484 2105; x_wconf 80' lang='lat' dir='ltr'>quod</span> <span class='ocrx_word' id='word_1_92' title='bbox 1512 2028 1604 2100; x_wconf 89' lang='lat' dir='ltr'>fit,</span> <span class='ocrx_word' id='word_1_93' title='bbox 1636 2046 1712 2086; x_wconf 87' lang='lat' dir='ltr'>ex</span> <span class='ocrx_word' id='word_1_94' title='bbox 1742 2028 1997 2087; x_wconf 90' lang='lat' dir='ltr'>circum-</span> 
     </span>
     <span class='ocr_line' id='line_1_19' title="bbox 258 2120 1999 2201; baseline 0.001 -19"><span class='ocrx_word' id='word_1_95' title='bbox 258 2121 545 2182; x_wconf 91' lang='lat' dir='ltr'>ductione</span> <span class='ocrx_word' id='word_1_96' title='bbox 575 2122 958 2183; x_wconf 90' lang='lat' dir='ltr'>semicirculi.</span> <span class='ocrx_word' id='word_1_97' title='bbox 1033 2120 1220 2181; x_wconf 90' lang='lat' dir='ltr'>Nulla</span> <span class='ocrx_word' id='word_1_98' title='bbox 1252 2121 1416 2180; x_wconf 91' lang='lat' dir='ltr'>enim</span> <span class='ocrx_word' id='word_1_99' title='bbox 1446 2130 1541 2181; x_wconf 92' lang='lat' dir='ltr'>est</span> <span class='ocrx_word' id='word_1_100' title='bbox 1571 2122 1829 2200; x_wconf 86' lang='lat' dir='ltr'>sphaera,</span> <span class='ocrx_word' id='word_1_101' title='bbox 1862 2143 1999 2201; x_wconf 89' lang='lat' dir='ltr'>quae</span> 
     </span>
     <span class='ocr_line' id='line_1_20' title="bbox 255 2215 1635 2296; baseline 0.001 -20"><span class='ocrx_word' id='word_1_102' title='bbox 255 2236 365 2296; x_wconf 92' lang='lat' dir='ltr'>per</span> <span class='ocrx_word' id='word_1_103' title='bbox 394 2217 980 2278; x_wconf 88' lang='lat' dir='ltr'>circumductionem</span> <span class='ocrx_word' id='word_1_104' title='bbox 1008 2215 1174 2275; x_wconf 88' lang='lat' dir='ltr'>facta</span> <span class='ocrx_word' id='word_1_105' title='bbox 1203 2225 1298 2275; x_wconf 90' lang='lat' dir='ltr'>est</span> <span class='ocrx_word' id='word_1_106' title='bbox 1328 2236 1365 2276; x_wconf 93' lang='lat' dir='ltr'>a</span> <span class='ocrx_word' id='word_1_107' title='bbox 1392 2226 1635 2277; x_wconf 88' lang='lat' dir='ltr'>natura.</span> 
     </span>
    </p>

    <p class='ocr_par' dir='ltr' id='par_1_12' title="bbox 256 2309 1999 2754">
     <span class='ocr_line' id='line_1_21' title="bbox 338 2309 1998 2391; baseline 0.002 -22"><span class='ocrx_word' id='word_1_108' title='bbox 338 2309 415 2372; x_wconf 90' lang='lat' dir='ltr'>A.</span> <span class='ocrx_word' id='word_1_109' title='bbox 462 2312 586 2373; x_wconf 73' lang='lat' dir='ltr'>Qui</span> <span class='ocrx_word' id='word_1_110' title='bbox 630 2313 858 2391; x_wconf 89' lang='lat' dir='ltr'>figuras</span> <span class='ocrx_word' id='word_1_111' title='bbox 907 2311 1227 2384; x_wconf 88' lang='lat' dir='ltr'>definiunt,</span> <span class='ocrx_word' id='word_1_112' title='bbox 1273 2311 1442 2371; x_wconf 91' lang='lat' dir='ltr'>ideas</span> <span class='ocrx_word' id='word_1_113' title='bbox 1494 2332 1632 2391; x_wconf 87' lang='lat' dir='ltr'>quae</span> <span class='ocrx_word' id='word_1_114' title='bbox 1678 2312 1742 2370; x_wconf 92' lang='lat' dir='ltr'>in</span> <span class='ocrx_word' id='word_1_115' title='bbox 1793 2313 1998 2372; x_wconf 88' lang='lat' dir='ltr'>animo</span> 
     </span>
     <span class='ocr_line' id='line_1_22' title="bbox 258 2406 1998 2487; baseline 0.001 -21"><span class='ocrx_word' id='word_1_116' title='bbox 258 2415 418 2481; x_wconf 89' lang='lat' dir='ltr'>sunt,</span> <span class='ocrx_word' id='word_1_117' title='bbox 449 2428 574 2468; x_wconf 91' lang='lat' dir='ltr'>non</span> <span class='ocrx_word' id='word_1_118' title='bbox 603 2409 735 2487; x_wconf 90' lang='lat' dir='ltr'>ipsa</span> <span class='ocrx_word' id='word_1_119' title='bbox 774 2427 1035 2487; x_wconf 89' lang='lat' dir='ltr'>corpora</span> <span class='ocrx_word' id='word_1_120' title='bbox 1079 2406 1458 2486; x_wconf 89' lang='lat' dir='ltr'>respiciunt;</span> <span class='ocrx_word' id='word_1_121' title='bbox 1506 2416 1568 2466; x_wconf 90' lang='lat' dir='ltr'>et</span> <span class='ocrx_word' id='word_1_122' title='bbox 1615 2427 1690 2466; x_wconf 85' lang='lat' dir='ltr'>ex</span> <span class='ocrx_word' id='word_1_123' title='bbox 1740 2407 1814 2466; x_wconf 93' lang='lat' dir='ltr'>iis</span> <span class='ocrx_word' id='word_1_124' title='bbox 1862 2428 1998 2486; x_wconf 89' lang='lat' dir='ltr'>quae</span> 
     </span>
     <span class='ocr_line' id='line_1_23' title="bbox 256 2501 1997 2582; baseline -0.001 -20"><span class='ocrx_word' id='word_1_125' title='bbox 256 2502 668 2582; x_wconf 87' lang='lat' dir='ltr'>imaginantur</span> <span class='ocrx_word' id='word_1_126' title='bbox 686 2503 867 2581; x_wconf 81' lang='lat' dir='ltr'>fieri,</span> <span class='ocrx_word' id='word_1_127' title='bbox 901 2502 1212 2562; x_wconf 91' lang='lat' dir='ltr'>deducunt</span> <span class='ocrx_word' id='word_1_128' title='bbox 1242 2503 1653 2581; x_wconf 88' lang='lat' dir='ltr'>proprietates</span> <span class='ocrx_word' id='word_1_129' title='bbox 1692 2501 1997 2562; x_wconf 86' lang='lat' dir='ltr'>factorum</span> 
     </span>
     <span class='ocr_line' id='line_1_24' title="bbox 257 2597 1999 2678; baseline 0 -20"><span class='ocrx_word' id='word_1_130' title='bbox 257 2597 560 2674; x_wconf 81' lang='lat' dir='ltr'>similium,</span> <span class='ocrx_word' id='word_1_131' title='bbox 612 2619 649 2659; x_wconf 91' lang='lat' dir='ltr'>a</span> <span class='ocrx_word' id='word_1_132' title='bbox 699 2618 1066 2678; x_wconf 90' lang='lat' dir='ltr'>quocunque</span> <span class='ocrx_word' id='word_1_133' title='bbox 1112 2607 1175 2657; x_wconf 95' lang='lat' dir='ltr'>et</span> <span class='ocrx_word' id='word_1_134' title='bbox 1227 2597 1783 2677; x_wconf 87' lang='lat' dir='ltr'>quomodocunque</span> <span class='ocrx_word' id='word_1_135' title='bbox 1833 2597 1999 2658; x_wconf 86' lang='lat' dir='ltr'>facta</span> 
     </span>
     <span class='ocr_line' id='line_1_25' title="bbox 257 2703 414 2754; baseline 0.006 -1"><span class='ocrx_word' id='word_1_136' title='bbox 257 2703 414 2754; x_wconf 90' lang='lat' dir='ltr'>sunt.</span> 
     </span>
    </p>

    <p class='ocr_par' dir='ltr' id='par_1_13' title="bbox 259 2787 1995 3156">
     <span class='ocr_line' id='line_1_26' title="bbox 339 2787 1994 2868; baseline -0.001 -21"><span class='ocrx_word' id='word_1_137' title='bbox 339 2788 615 2849; x_wconf 90' lang='lat' dir='ltr'>Vidimus</span> <span class='ocrx_word' id='word_1_138' title='bbox 679 2791 808 2868; x_wconf 86' lang='lat' dir='ltr'>jam</span> <span class='ocrx_word' id='word_1_139' title='bbox 865 2787 1166 2868; x_wconf 89' lang='lat' dir='ltr'>principia</span> <span class='ocrx_word' id='word_1_140' title='bbox 1224 2788 1578 2866; x_wconf 90' lang='lat' dir='ltr'>geometriae</span> <span class='ocrx_word' id='word_1_141' title='bbox 1636 2787 1867 2847; x_wconf 87' lang='lat' dir='ltr'>tradita</span> <span class='ocrx_word' id='word_1_142' title='bbox 1918 2787 1994 2846; x_wconf 91' lang='lat' dir='ltr'>ab</span> 
     </span>
     <span class='ocr_line' id='line_1_27' title="bbox 259 2880 1994 2964; baseline 0.001 -24"><span class='ocrx_word' id='word_1_143' title='bbox 259 2880 542 2943; x_wconf 88' lang='lat' dir='ltr'>Euclide:</span> <span class='ocrx_word' id='word_1_144' title='bbox 603 2905 865 2964; x_wconf 90' lang='lat' dir='ltr'>quorum</span> <span class='ocrx_word' id='word_1_145' title='bbox 894 2885 1099 2964; x_wconf 91' lang='lat' dir='ltr'>aliqua</span> <span class='ocrx_word' id='word_1_146' title='bbox 1129 2882 1396 2961; x_wconf 89' lang='lat' dir='ltr'>quidem,</span> <span class='ocrx_word' id='word_1_147' title='bbox 1430 2885 1536 2945; x_wconf 90' lang='lat' dir='ltr'>sed</span> <span class='ocrx_word' id='word_1_148' title='bbox 1566 2904 1765 2964; x_wconf 89' lang='lat' dir='ltr'>pauca</span> <span class='ocrx_word' id='word_1_149' title='bbox 1793 2883 1994 2943; x_wconf 90' lang='lat' dir='ltr'>minus</span> 
     </span>
     <span class='ocr_line' id='line_1_28' title="bbox 260 2977 1995 3061; baseline 0.001 -26"><span class='ocrx_word' id='word_1_150' title='bbox 260 2987 542 3038; x_wconf 88' lang='lat' dir='ltr'>accurata</span> <span class='ocrx_word' id='word_1_151' title='bbox 581 2982 992 3052; x_wconf 81' lang='lat' dir='ltr'>mutavimus3</span> <span class='ocrx_word' id='word_1_152' title='bbox 1044 2982 1282 3061; x_wconf 87' lang='lat' dir='ltr'>reliqua</span> <span class='ocrx_word' id='word_1_153' title='bbox 1319 2990 1390 3040; x_wconf 92' lang='lat' dir='ltr'>ut</span> <span class='ocrx_word' id='word_1_154' title='bbox 1439 2977 1995 3059; x_wconf 87' lang='lat' dir='ltr'>irreprehensibilia</span> 
     </span>
     <span class='ocr_line' id='line_1_29' title="bbox 259 3070 1777 3156; baseline 0.003 -27"><span class='ocrx_word' id='word_1_155' title='bbox 259 3070 481 3148; x_wconf 89' lang='lat' dir='ltr'>partim</span> <span class='ocrx_word' id='word_1_156' title='bbox 508 3075 972 3152; x_wconf 82' lang='lat' dir='ltr'>praeterivimus,</span> <span class='ocrx_word' id='word_1_157' title='bbox 1001 3078 1230 3156; x_wconf 89' lang='lat' dir='ltr'>partim</span> <span class='ocrx_word' id='word_1_158' title='bbox 1263 3075 1777 3136; x_wconf 80' lang='lat' dir='ltr'>confirmavimus,</span> 
     </span>
    </p>

    <p class='ocr_par' dir='ltr' id='par_1_14' title="bbox 342 3162 1992 3250">
     <span class='ocr_line' id='line_1_30' title="bbox 342 3162 1992 3250; baseline 0.001 -28"><span class='ocrx_word' id='word_1_159' title='bbox 342 3162 421 3224; x_wconf 91' lang='lat' dir='ltr'>B.</span> <span class='ocrx_word' id='word_1_160' title='bbox 465 3166 865 3230; x_wconf 88' lang='lat' dir='ltr'>Revertamur</span> <span class='ocrx_word' id='word_1_161' title='bbox 895 3191 1042 3250; x_wconf 88' lang='lat' dir='ltr'>ergo</span> <span class='ocrx_word' id='word_1_162' title='bbox 1078 3171 1156 3231; x_wconf 91' lang='lat' dir='ltr'>ad</span> <span class='ocrx_word' id='word_1_163' title='bbox 1186 3171 1549 3243; x_wconf 89' lang='lat' dir='ltr'>Wallisium,</span> <span class='ocrx_word' id='word_1_164' title='bbox 1591 3177 1653 3229; x_wconf 90' lang='lat' dir='ltr'>et</span> <span class='ocrx_word' id='word_1_165' title='bbox 1690 3167 1855 3227; x_wconf 91' lang='lat' dir='ltr'>unde</span> <span class='ocrx_word' id='word_1_166' title='bbox 1902 3166 1992 3225; x_wconf 89' lang='lat' dir='ltr'>di-</span> 
     </span>
    </p>
   </div>
   <div class='ocr_carea' id='block_1_4' title="bbox 146 3260 1993 3345">
    <p class='ocr_par' dir='ltr' id='par_1_15' title="bbox 146 3260 1993 3345">
     <span class='ocr_line' id='line_1_31' title="bbox 146 3260 1993 3345; baseline 0.002 -31"><span class='ocrx_word' id='word_1_167' title='bbox 146 3312 149 3314; x_wconf 63' lang='lat'>,</span> <span class='ocrx_word' id='word_1_168' title='bbox 259 3260 453 3338; x_wconf 89' lang='lat' dir='ltr'>gressi</span> <span class='ocrx_word' id='word_1_169' title='bbox 482 3281 705 3337; x_wconf 83' lang='lat' dir='ltr'>sumuS,</span> <span class='ocrx_word' id='word_1_170' title='bbox 733 3284 952 3344; x_wconf 88' lang='lat' dir='ltr'>nempe</span> <span class='ocrx_word' id='word_1_171' title='bbox 982 3266 1062 3325; x_wconf 87' lang='lat' dir='ltr'>ad</span> <span class='ocrx_word' id='word_1_172' title='bbox 1092 3266 1293 3345; x_wconf 83' lang='lat' dir='ltr'>Caput</span> <span class='ocrx_word' id='word_1_173' title='bbox 1316 3265 1640 3325; x_wconf 88' lang='lat' dir='ltr'>decimum.</span> <span class='ocrx_word' id='word_1_174' title='bbox 1729 3263 1910 3331; x_wconf 91' lang='lat' dir='ltr'>Nam,</span> <span class='ocrx_word' id='word_1_175' title='bbox 1942 3261 1993 3319; x_wconf 92' lang='lat' dir='ltr'>si</span> 
     </span>
    </p>
   </div>
   <div class='ocr_carea' id='block_1_5' title="bbox 258 3352 1991 3724">
    <p class='ocr_par' dir='ltr' id='par_1_16' title="bbox 258 3352 1991 3534">
     <span class='ocr_line' id='line_1_32' title="bbox 258 3352 1991 3440; baseline 0.001 -29"><span class='ocrx_word' id='word_1_176' title='bbox 258 3352 414 3413; x_wconf 91' lang='lat' dir='ltr'>bene</span> <span class='ocrx_word' id='word_1_177' title='bbox 443 3357 708 3431; x_wconf 90' lang='lat' dir='ltr'>memini,</span> <span class='ocrx_word' id='word_1_178' title='bbox 739 3379 976 3421; x_wconf 87' lang='lat' dir='ltr'>eramus</span> <span class='ocrx_word' id='word_1_179' title='bbox 1006 3362 1086 3421; x_wconf 88' lang='lat' dir='ltr'>ad</span> <span class='ocrx_word' id='word_1_180' title='bbox 1114 3360 1627 3440; x_wconf 90' lang='lat' dir='ltr'>philologicorum</span> <span class='ocrx_word' id='word_1_181' title='bbox 1667 3369 1729 3417; x_wconf 92' lang='lat' dir='ltr'>et</span> <span class='ocrx_word' id='word_1_182' title='bbox 1761 3355 1991 3434; x_wconf 89' lang='lat' dir='ltr'>Capitis</span> 
     </span>
     <span class='ocr_line' id='line_1_33' title="bbox 259 3447 1641 3534; baseline 0.004 -28"><span class='ocrx_word' id='word_1_183' title='bbox 259 3447 407 3507; x_wconf 88' lang='lat' dir='ltr'>noni</span> <span class='ocrx_word' id='word_1_184' title='bbox 435 3449 636 3522; x_wconf 89' lang='lat' dir='ltr'>finem,</span> <span class='ocrx_word' id='word_1_185' title='bbox 668 3461 815 3513; x_wconf 91' lang='lat' dir='ltr'>tunc</span> <span class='ocrx_word' id='word_1_186' title='bbox 845 3475 985 3515; x_wconf 88' lang='lat' dir='ltr'>cum</span> <span class='ocrx_word' id='word_1_187' title='bbox 1016 3455 1255 3534; x_wconf 88' lang='lat' dir='ltr'>digredi</span> <span class='ocrx_word' id='word_1_188' title='bbox 1285 3455 1641 3533; x_wconf 80' lang='lat' dir='ltr'>incepimus,</span> 
     </span>
    </p>

    <p class='ocr_par' dir='ltr' id='par_1_17' title="bbox 258 3540 1989 3724">
     <span class='ocr_line' id='line_1_34' title="bbox 341 3540 1989 3626; baseline -0.001 -26"><span class='ocrx_word' id='word_1_189' title='bbox 341 3540 416 3602; x_wconf 89' lang='lat' dir='ltr'>A.</span> <span class='ocrx_word' id='word_1_190' title='bbox 465 3544 585 3603; x_wconf 86' lang='lat' dir='ltr'>Sed</span> <span class='ocrx_word' id='word_1_191' title='bbox 615 3545 958 3610; x_wconf 88' lang='lat' dir='ltr'>differamus</span> <span class='ocrx_word' id='word_1_192' title='bbox 987 3552 1119 3610; x_wconf 85' lang='lat' dir='ltr'>haec</span> <span class='ocrx_word' id='word_1_193' title='bbox 1148 3551 1213 3609; x_wconf 90' lang='lat' dir='ltr'>in</span> <span class='ocrx_word' id='word_1_194' title='bbox 1244 3549 1537 3621; x_wconf 88' lang='lat' dir='ltr'>triduum,</span> <span class='ocrx_word' id='word_1_195' title='bbox 1564 3568 1685 3626; x_wconf 93' lang='lat' dir='ltr'>quo</span> <span class='ocrx_word' id='word_1_196' title='bbox 1716 3555 1989 3621; x_wconf 89' lang='lat' dir='ltr'>tempore</span> 
     </span>
     <span class='ocr_line' id='line_1_35' title="bbox 258 3638 1988 3724; baseline -0.001 -28"><span class='ocrx_word' id='word_1_197' title='bbox 258 3638 431 3698; x_wconf 88' lang='lat' dir='ltr'>lectis</span> <span class='ocrx_word' id='word_1_198' title='bbox 463 3640 863 3704; x_wconf 86' lang='lat' dir='ltr'>arithmeticae</span> <span class='ocrx_word' id='word_1_199' title='bbox 893 3646 1020 3723; x_wconf 88' lang='lat' dir='ltr'>ejus</span> <span class='ocrx_word' id='word_1_200' title='bbox 1047 3666 1183 3724; x_wconf 90' lang='lat' dir='ltr'>quae</span> <span class='ocrx_word' id='word_1_201' title='bbox 1206 3653 1461 3716; x_wconf 86' lang='lat' dir='ltr'>restant,</span> <span class='ocrx_word' id='word_1_202' title='bbox 1487 3663 1560 3702; x_wconf 88' lang='lat' dir='ltr'>ea</span> <span class='ocrx_word' id='word_1_203' title='bbox 1588 3649 1825 3700; x_wconf 87' lang='lat' dir='ltr'>tantum</span> <span class='ocrx_word' id='word_1_204' title='bbox 1852 3657 1988 3715; x_wconf 86' lang='lat' dir='ltr'>quae</span> 
     </span>
    </p>
   </div>
   <div class='ocr_carea' id='block_1_6' title="bbox 2066 526 2318 560">
    <p class='ocr_par' dir='ltr' id='par_1_18' title="bbox 2066 526 2318 560">
     <span class='ocr_line' id='line_1_36' title="bbox 2066 526 2318 560; baseline 0.004 -1"><span class='ocrx_word' id='word_1_205' title='bbox 2066 526 2318 560; x_wconf 86' lang='lat' dir='ltr'><strong>DIALOGUS</strong></span> 
     </span>
    </p>
   </div>
   <div class='ocr_carea' id='block_1_7' title="bbox 2067 595 2308 681">
    <p class='ocr_par' dir='ltr' id='par_1_19' title="bbox 2067 595 2308 681">
     <span class='ocr_line' id='line_1_37' title="bbox 2167 595 2220 626; baseline 0 0"><span class='ocrx_word' id='word_1_206' title='bbox 2167 595 2220 626; x_wconf 87' lang='lat'>11.</span> 
     </span>
     <span class='ocr_line' id='line_1_38' title="bbox 2067 650 2308 681; baseline 0 -11"><span class='ocrx_word' id='word_1_207' title='bbox 2067 650 2308 681; x_wconf 40' lang='grc' dir='ltr'>κ--Ὗῌ</span> 
     </span>
    </p>
   </div>
  </div>
 </body>
</html>
