2462 4120
693 406 1167 450 PROBLEMATA
1200 408 1524 450 PHYSIGA.
1863 401 1982 453 315

230 556 441 607 tamen
487 564 630 604 cum
681 554 825 604 sunt
867 544 932 602 in
973 543 1191 603 eadem
1236 543 1401 602 linea
1453 552 1662 613 recta;
1708 546 1773 604 id
1823 549 1988 626 quod

232 640 542 718 contingit
570 639 635 697 in
665 637 996 698 noviluniis
1029 646 1091 697 et
1119 636 1476 716 pleniluniis
1508 638 1671 697 solis.

313 733 391 794 A.
439 734 744 795 Quaenam
773 743 984 792 autem
1016 752 1203 792 causa
1234 740 1346 804 est,
1379 731 1547 809 quod
1580 732 1673 791 bis
1703 734 1768 791 in
1803 754 1985 808 ann0,

229 829 522 889 nimirum
545 828 610 887 in
643 827 1049 906 aequinoctiiS,
1080 836 1267 886 aestus
1297 826 1455 883 fiunt
1488 826 1764 884 omnium
1792 829 1987 888 multo

229 920 526 982 maximi?

313 1016 397 1075 B.
446 1015 705 1075 Caeteris
736 1015 884 1074 anni
915 1013 1318 1094 temporibuS,
1360 1013 1504 1092 quia
1536 1021 1703 1072 terra
1741 1033 1864 1073 non
1898 1025 1990 1074 est

229 1110 295 1170 in
317 1110 503 1189 plano
528 1110 743 1169 circuli
774 1108 1222 1189 aequinoctialis
1254 1107 1534 1180 caelestiS,
1567 1115 1770 1166 motus
1806 1116 1988 1167 terrae

230 1204 333 1263 ille
363 1223 545 1283 quem
563 1203 770 1263 facere
793 1212 1012 1263 aestum
1038 1202 1350 1281 supposui,
1376 1211 1553 1261 tanto
1578 1201 1782 1260 minus
1802 1222 1987 1280 auge-

231 1299 420 1370 bitur,
468 1306 700 1376 quanto
745 1307 951 1358 motus
1004 1297 1287 1376 obliquus
1339 1296 1598 1356 debilius
1646 1296 1775 1374 agit
1809 1317 1992 1375 quam

233 1393 780 1474 perpendicularis.

318 1486 396 1548 A.
445 1487 606 1547 Satis
638 1497 844 1547 essent
875 1487 1009 1547 haec
1037 1486 1402 1565 probabilia,
1434 1486 1486 1546 si
1523 1495 1690 1545 terra
1720 1494 1782 1545 et
1819 1485 1995 1544 stella

235 1591 442 1642 motus
474 1581 629 1640 tales
659 1601 875 1640 revera
903 1581 1205 1640 haberent
1227 1599 1382 1659 quos
1408 1591 1479 1639 tu
1509 1580 1824 1659 supponiS.
1873 1579 1997 1638 Sed

237 1676 314 1736 de
342 1676 482 1748 hoc,
515 1695 629 1735 nec
662 1676 793 1735 sine
823 1676 1084 1747 ratione,
1117 1675 1351 1734 dubit0.
1443 1675 1607 1734 Nam
1648 1695 1790 1734 cum
1837 1675 1996 1733 aeris

237 1770 658 1849 rejectionem,
691 1769 964 1828 motibus
992 1769 1096 1848 huj
1109 1768 1346 1828 asmodi
1376 1769 1818 1841 adhaerentem,
1852 1788 1997 1827 cau-

238 1884 370 1923 sam
389 1883 520 1923 esse
545 1863 713 1923 dicas
733 1862 898 1941 quod
918 1872 1143 1922 caetera
1163 1882 1423 1941 corpora
1441 1864 1649 1923 omnia
1667 1863 1747 1922 ad
1766 1872 1997 1922 terram

239 1957 656 2018 descendant:
704 1977 814 2016 cur
843 1977 971 2016 non
1008 1977 1181 2036 aeque
1213 1957 1544 2016 dicendum
1576 1967 1691 2027 est,
1734 1977 1876 2017 cum
1907 1957 1998 2016 sol

240 2062 304 2113 et
353 2053 501 2111 luna
551 2071 758 2111 aerem
815 2052 1119 2130 rejiciant,
1181 2062 1408 2111 caetera
1461 2072 1722 2131 corpora
1771 2061 2000 2131 praeter

241 2166 447 2206 aerem
487 2146 697 2206 omnia
743 2145 825 2204 ad
867 2146 1074 2205 stellas
1125 2166 1337 2205 omnes
1380 2146 1661 2206 similiter
1707 2147 1891 2219 itura,
1938 2155 2000 2205 et

242 2241 329 2300 sic
360 2241 551 2300 solem
581 2249 645 2300 et
673 2249 902 2300 terram
927 2241 992 2299 in
1020 2262 1215 2300 unum
1247 2260 1469 2319 corpus
1498 2241 1801 2300 coalitura
1824 2240 1999 2300 esse?

329 2334 411 2394 B.
458 2335 603 2394 Non
628 2342 719 2394 est
748 2354 1020 2395 necesse.
1084 2335 1248 2395 Nam
1274 2335 1324 2394 si
1349 2335 1472 2394 duo
1502 2355 1766 2414 corpora
1796 2354 2003 2394 aerem

244 2450 282 2489 a
311 2448 374 2488 se
404 2428 707 2507 rejiciant,
739 2428 1110 2506 reprimetur
1138 2429 1430 2508 utrinque
1462 2439 1666 2488 motus
1698 2428 1875 2498 aeriS,
1914 2429 2004 2487 ita

244 2530 316 2582 ut
342 2522 449 2581 illa
478 2522 600 2581 duo
631 2542 894 2600 corpora
917 2523 1083 2582 coire
1111 2543 1239 2582 non
1262 2523 1538 2602 possint:
1584 2523 1703 2582 nisi
1728 2523 2003 2582 dicamus

247 2635 470 2688 aerem,
501 2616 578 2675 ab
608 2624 871 2695 utroque
902 2616 1086 2676 simul
1125 2636 1387 2695 corpore
1429 2617 1749 2695 rejectum,
1781 2616 2004 2695 expelli

249 2729 284 2768 e
312 2719 535 2768 natura
562 2730 786 2769 rerum.

333 2802 410 2860 A.
456 2803 762 2863 Videntur
813 2824 961 2884 ergo
1007 2805 1130 2865 duo
1174 2813 1341 2865 astra
1384 2804 1673 2884 quaelibet
1731 2804 1894 2863 inter
1940 2822 2003 2861 se

253 2895 608 2956 distantiam
637 2898 946 2976 quandam
975 2909 1187 2959 tenere
1219 2901 1295 2960 ab
1340 2900 1455 2959 hac
1488 2919 1674 2958 causa
1715 2897 2004 2956 determi-

252 2999 486 3063 natam,
527 2999 588 3050 et
614 2991 874 3068 proinde
905 2992 985 3051 ad
1014 3013 1078 3053 se
1116 2994 1383 3053 invicem
1427 2993 1680 3072 propius
1712 2991 2005 3051 accedere

253 3083 352 3142 vel
396 3083 638 3162 longius
688 3085 855 3143 abire
905 3106 1030 3145 non
1075 3107 1255 3166 posse
1300 3107 1484 3166 quam
1522 3083 1634 3164 pro
1665 3085 2005 3164 aequilibrio

253 3178 497 3237 virium.
571 3177 831 3236 Videtur
861 3179 1068 3250 etiam,
1100 3182 1419 3260 supposito
1452 3180 1618 3259 quod
1646 3180 1773 3258 poli
1803 3188 2006 3237 motus

256 3271 438 3348 hujus
474 3271 871 3346 (considerati
908 3272 973 3331 in
1012 3274 1136 3333 sole
1182 3284 1244 3334 et
1291 3274 1463 3347 luna)
1515 3282 1657 3332 sunt
1704 3273 1768 3331 in
1821 3272 2004 3349 plano

258 3364 718 3443 aequinoctialiS,
777 3375 981 3425 motus
1030 3367 1132 3427 ille
1183 3368 1327 3428 solis
1380 3387 1566 3426 causa
1619 3386 1751 3425 esse
1803 3373 2004 3423 motus

259 3468 442 3518 terrae
473 3458 696 3517 diurni.
782 3459 987 3538 Atque
1025 3462 1229 3535 etiam,
1262 3462 1407 3541 quia
1445 3470 1650 3521 motus
1694 3470 1875 3518 terrae
1912 3465 2006 3515 est

258 3552 323 3610 in
379 3552 564 3630 plano
616 3551 935 3630 eclipticae,
989 3563 1217 3615 terram
1272 3556 1496 3616 debere
1554 3564 1792 3614 motum
1843 3552 2006 3610 lunae

2076 571 2189 603 CAP.
2217 571 2270 602 11.

2054 626 2297 654 ἓ--Ὑ--κ

2063 678 2120 711 De
2138 676 2288 711 aestibus

2060 731 2221 765 marinis.
