2462 4120
580 363 1106 405 MATHEMATICAE
1143 364 1549 408 HomERNAE.
1812 357 1925 420 147

183 505 396 565 stratio
425 503 504 563 sit
532 502 827 581 legitima.
918 501 1084 580 Lego
1133 502 1298 559 enim
1338 503 1670 579 symbolica
1708 506 1827 566 ista
1857 520 1925 567 ut

181 600 356 679 pueri
387 598 746 670 Homerum,
774 596 992 675 quibus
1017 594 1095 654 ad
1115 595 1355 673 singula
1379 597 1675 658 vocabula
1697 601 1923 661 adeun-

182 694 328 754 dum
358 702 450 752 est
478 692 736 751 lexicon.
836 690 996 750 Illud
1039 697 1246 751 autem
1276 688 1454 748 AR4
1498 710 1575 748 ne
1622 693 1684 751 in
1728 695 1925 755 lexico

182 787 426 866 quidem
457 795 571 846 est.

262 881 345 941 A.
392 880 484 940 Sit
516 880 762 960 quidem
789 899 935 938 vera
965 878 1432 937 demonstratio,
1503 878 1588 938 At
1621 884 1926 958 quomodo

175 974 494 1036 transferri
525 984 728 1054 potest
765 973 844 1033 ad
887 972 1402 1053 proportionaleS,
1436 992 1573 1050 quae
1621 994 1736 1034 nec
1789 997 1927 1036 con-

177 1071 370 1131 tinuae
402 1079 564 1143 sunt,
590 1089 704 1129 nec
734 1069 798 1128 in
821 1068 1032 1128 eadem
1062 1067 1216 1128 serie
1236 1067 1688 1142 continuarum,
1719 1071 1926 1147 quales

178 1172 411 1225 sunt2:
445 1172 480 1223 4
510 1187 523 1222 ε
548 1188 560 1222 t
590 1171 654 1223 3:
686 1170 747 1236 6,
778 1162 875 1223 vel
907 1171 972 1222 3:
1006 1169 1043 1222 9
1072 1185 1084 1221 :
1112 1184 1125 1219 z
1151 1169 1226 1220 4:
1269 1169 1381 1230 123
1413 1161 1848 1224 ubidistantiis
1869 1176 1930 1225 et

176 1259 479 1320 indicibus
509 1258 679 1318 locus
723 1278 848 1317 non
880 1256 1017 1317 est?
1105 1256 1400 1316 Nondum
1453 1276 1600 1335 ergo
1652 1261 1930 1337 proposi-

177 1354 411 1415 tionem
442 1354 607 1413 illam
639 1353 832 1430 (Eucl.
866 1352 946 1412 vi.
980 1354 1074 1429 16)
1106 1351 1568 1412 demonstravit.

261 1450 343 1510 B.
388 1448 734 1509 Redeamus
772 1448 851 1508 ad
894 1447 1096 1526 Caput
1139 1467 1320 1520 xxxv,
1367 1447 1532 1506 unde
1580 1446 1808 1506 frustra
1839 1449 1929 1508 di-

177 1545 372 1624 gressi
401 1563 626 1604 sumus,

260 1639 341 1699 A.
387 1640 518 1699 Imo
564 1638 976 1698 transiliamus
1009 1649 1072 1695 et
1108 1636 1280 1708 illud,
1333 1647 1396 1696 et
1447 1637 1799 1716 proximum
1842 1639 1930 1698 illi

176 1734 381 1794 xxxvi.
481 1732 680 1793 Credo
714 1733 876 1793 enim
906 1733 1296 1791 Elementum
1328 1732 1610 1811 quintum
1636 1753 1710 1792 ex
1734 1734 1930 1812 hypo-

177 1828 356 1901 thesi,
388 1848 571 1908 quam
599 1828 702 1888 ille
734 1828 1083 1906 assumpsit,
1105 1837 1211 1887 aut
1242 1838 1408 1887 recte
1441 1827 1929 1888 demonstratum

177 1942 330 1996 esse,
361 1931 468 1982 aut
498 1922 549 1982 si
577 1922 798 1982 vitium
831 1922 1079 2002 aliquod
1108 1922 1444 2001 irrepserit,
1476 1933 1703 2002 praeter
1732 1924 1928 2003 ipsam

178 2017 573 2096 scriptionem
604 2018 1022 2097 symbolicam,
1054 2037 1182 2077 non
1227 2018 1389 2077 illius
1429 2018 1774 2098 imperitiae,
1821 2021 1929 2080 sed

177 2114 562 2192 typographo
585 2114 682 2173 vel
711 2114 1141 2192 transcriptori
1172 2113 1567 2173 tribuendum
1601 2134 1752 2175 esse.
1818 2117 1930 2176 Est

176 2216 384 2266 autem
418 2207 623 2286 Caput
653 2209 841 2267 xxxvi
894 2207 1166 2288 ejusdem
1199 2208 1431 2287 Capitis
1475 2229 1637 2268 xxxv
1666 2210 1927 2291 brachy-

178 2302 630 2382 stenographia.
747 2304 944 2382 Caput
1002 2304 1210 2363 xxxvii
1258 2304 1508 2363 unicum
1559 2305 1747 2365 habet
1786 2327 1928 2385 pro-

175 2395 377 2456 blema
405 2396 544 2470 hoe,
583 2397 756 2456 datis
802 2396 1001 2457 tribus
1026 2397 1608 2477 proportionalibus
1656 2400 1927 2460 iuvenire

176 2499 465 2570 quartum
484 2515 507 2560 ;
552 2512 689 2571 quae
713 2501 804 2552 est
828 2493 1066 2571 Regula
1080 2493 1303 2552 Aurea.
1340 2494 1527 2574 Cujus
1547 2497 1925 2556 constructio

176 2584 309 2645 haec
348 2595 482 2655 est3
531 2587 758 2646 tertius
805 2587 1253 2668 multiplicetur
1287 2609 1415 2669 per
1467 2591 1818 2665 secuudum,
1865 2601 1927 2651 et

58 2708 60 2710 ·
167 2679 516 2759 productus
565 2681 888 2741 dividatur
920 2704 1049 2763 per
1084 2684 1378 2762 primum.
1470 2687 1626 2747 Quae
1649 2708 1814 2761 vera,
1864 2701 1927 2747 et

178 2774 363 2853 vulgo
418 2785 665 2855 recepta
724 2787 837 2838 est.
951 2779 1395 2839 Demonstrans
1454 2793 1661 2841 autem
1720 2784 1924 2856 sumit,

181 2868 348 2946 quod
373 2869 584 2948 Capite
623 2893 743 2932 xxv
773 2873 909 2933 loco
935 2874 1307 2934 definitionis
1336 2877 1505 2936 nullo
1531 2880 1669 2956 jure
1693 2879 1925 2951 habuit,

179 2961 283 3021 ubi
352 2964 680 3042 quotieutes
750 2977 891 3027 suut
947 2968 1242 3049 (equalem,
1299 2970 1389 3029 ibi
1446 2973 1728 3032 rationes
1784 2982 1927 3032 sunt

179 3055 406 3116 eaedem
428 3081 448 3121 .·
494 3067 554 3118 et
579 3060 682 3120 ubi
711 3064 985 3141 quotiens
1015 3065 1218 3142 major
1249 3073 1362 3139 est,
1385 3066 1473 3126 ibi
1496 3070 1696 3147 major
1726 3069 1890 3128 ratio
1903 3092 1925 3135 ;

178 3149 285 3209 ubi
313 3151 526 3227 minor,
558 3158 771 3215 minor.
1491 3145 1505 3158 ⁶

269 3244 350 3304 B.
398 3247 463 3306 Si
520 3249 643 3308 sint
714 3250 834 3311 duo
907 3255 1255 3331 quotientes
1317 3257 1599 3335 aequaleS,
1661 3258 1926 3337 exempli

183 3359 384 3413 causa,
413 3361 668 3402 numero
698 3351 755 3416 4,
787 3347 891 3423 qui
934 3359 1029 3407 est
1070 3351 1353 3427 quotiens
1395 3352 1575 3411 divisi
1606 3360 1686 3412 20
1716 3372 1825 3430 per
1869 3360 1925 3422 5,

183 3434 432 3512 aequalis
462 3435 543 3495 sit
571 3445 631 3509 4,
678 3440 957 3515 quotiens
998 3441 1172 3503 divisi
1214 3452 1283 3503 12
1316 3466 1427 3524 per
1459 3454 1532 3515 33
1580 3447 1727 3506 dicit
1781 3466 1925 3523 ergo

184 3536 221 3588 4
253 3528 332 3589 ad
362 3537 396 3589 4
432 3549 563 3589 esse
591 3530 656 3589 in
688 3532 898 3592 eadem
930 3537 1206 3606 ratione;
1256 3541 1420 3617 quod
1460 3561 1585 3600 non
1631 3540 1924 3617 intelligo,

1651 3655 1682 3692 L
1712 3653 1735 3687 2

1991 535 2244 567 DIALOGUS

2080 603 2147 634 IV.

1997 659 2234 687 κ--Ὓ-κ
