2462 4120
587 340 707 394 330
1043 354 1506 398 PROBLEMATA
1538 358 1859 402 PHYsloA.

288 513 400 545 CAP.
428 513 495 546 ιν.
584 492 950 570 acceperint,
982 505 1245 573 quantus
1276 497 1354 556 ad
1394 499 1900 559 commovendum
1929 498 2176 559 videndi
2214 520 2308 560 or-

292 618 350 652 ne
368 618 488 654 „abre
583 605 813 664 ganum
842 589 1210 666 postulatur.

290 672 436 709 “hwa
665 677 743 740 A.
791 681 910 741 sed
956 703 1213 762 corpora
1262 693 1405 744 sunt
1447 686 1754 764 permulta
1798 706 2057 764 quorum
2106 697 2311 766 partes

584 774 896 835 calefactae
923 775 1101 836 facile
1131 778 1394 851 avolant,
1426 799 1562 857 quae
1609 788 1815 839 tamen
1854 780 2313 841 inflammantur

583 879 646 929 et
674 870 882 929 lucent
908 894 922 930 ε
967 880 1037 931 ut
1060 872 1260 931 oleum
1290 883 1352 931 et
1379 873 1607 931 vinum.

662 964 746 1024 B.
794 965 977 1026 Quod
1006 965 1084 1024 ad
1109 965 1310 1024 oleum
1338 966 1578 1037 attinet,
1607 985 1731 1024 non
1761 966 2173 1028 inflammatur
2201 989 2311 1049 per

582 1076 646 1116 se
675 1059 872 1118 solum
894 1060 1022 1119 sine
1047 1059 1166 1118 alia
1187 1060 1443 1118 materia
1463 1060 1891 1132 combustibili,
1923 1063 2311 1140 quantumvis

581 1152 961 1213 calefactum.
1048 1154 1195 1213 Non
1226 1164 1369 1213 sunt
1398 1173 1543 1232 ergo
1585 1163 1790 1231 partes
1819 1156 1955 1227 olei,
1988 1157 2094 1216 sed
2124 1167 2309 1217 mate-

578 1247 687 1307 riae
718 1247 851 1307 oleo
879 1256 1083 1307 unctae
1113 1267 1248 1325 quae
1271 1247 1579 1306 evolantes
1609 1247 1835 1306 lucent.
1923 1249 2078 1308 Sunt
2106 1259 2311 1310 autem

578 1340 642 1400 in
671 1341 812 1401 vino
841 1342 1175 1420 particulae,
1209 1361 1345 1419 quae
1373 1341 1602 1400 habent
1631 1351 1866 1400 motum
1911 1341 2084 1401 illum
2130 1363 2311 1422 quem

577 1436 643 1495 in
681 1446 846 1496 terra
894 1436 1184 1515 supposui
1220 1435 1366 1494 satis
1405 1435 1715 1505 velocem;
1761 1456 1897 1515 quae
1947 1456 1984 1495 a
2022 1446 2312 1498 contactu

576 1531 838 1590 flammae
869 1540 1134 1590 externae
1162 1529 1338 1589 facile
1369 1529 1594 1589 lucent.

660 1625 740 1684 A.
788 1625 967 1685 Unde
1000 1625 1140 1684 sciri
1168 1633 1374 1703 potest
1403 1623 1590 1683 talem
1618 1633 1855 1682 motum
1883 1623 2079 1684 inesse
2118 1625 2310 1704 parti-

578 1719 729 1778 culis
758 1720 884 1779 vini
907 1719 927 1778 Ρ

662 1814 742 1873 B.
789 1814 1200 1893 Nunquamne
1230 1820 1470 1872 tantum
1499 1812 1706 1872 bibisti
1742 1811 1887 1886 vini,
1917 1822 1987 1873 ut
2023 1813 2308 1886 lucernae,

575 1928 823 1981 mensae,
848 1908 1154 1980 fenestrae,
1176 1906 1380 1967 omnia
1398 1907 1767 1966 commoveri
1786 1907 1901 1967 tibi
1923 1907 2306 1968 viderentur?

660 2003 740 2063 A.
787 2002 1155 2082 AliquandO,
1186 2022 1311 2060 non
1341 2021 1519 2080 saepe.
1610 2001 1868 2061 Memini
1897 2011 2102 2062 autem
2132 2003 2221 2063 ire
2245 2012 2308 2063 et

575 2097 775 2156 redire
795 2098 1000 2158 omnia
1017 2106 1192 2157 motu
1209 2096 1627 2175 reciprocante
1647 2096 1886 2174 qualem
1913 2097 2305 2178 descripsisti.

576 2191 744 2252 Quid
772 2200 904 2250 tum
930 2192 949 2250 ?

657 2285 738 2344 B.
785 2285 958 2345 Nihil
987 2284 1171 2358 aliud,
1201 2293 1612 2363 praeterquam
1643 2283 1807 2362 quod
1837 2286 1966 2363 ejus
2005 2286 2094 2345 rei
2124 2306 2306 2347 causa

573 2389 705 2439 erat
725 2380 955 2441 vinum.
1016 2379 1202 2459 Cujus
1233 2379 1549 2458 particulae
1578 2379 1884 2438 habebant
1902 2390 2103 2439 motus
2122 2380 2303 2454 illius,

571 2494 753 2554 quem
784 2475 1090 2553 supposui,
1114 2494 1404 2552 magnum
1433 2472 1727 2552 gradum:
1773 2492 1953 2552 quem
1983 2473 2154 2533 auxit
2180 2474 2304 2534 for-

571 2579 733 2629 tasse
771 2570 1071 2640 nonnihil,
1110 2578 1433 2648 postquam
1466 2568 1529 2626 in
1573 2567 1980 2627 ventriculum
2023 2577 2085 2627 et
2119 2588 2304 2629 venas

570 2672 834 2743 receptae
890 2673 1083 2738 erant,
1143 2663 1414 2742 corporis
1464 2662 1716 2722 humani
1785 2662 2062 2722 internus
2119 2663 2303 2724 calor.

569 2759 772 2838 Atque
797 2780 869 2820 eo
893 2770 1065 2819 motu
1087 2778 1396 2818 concussae
1419 2778 1589 2817 venae
1614 2767 1676 2816 et
1704 2757 1980 2836 (propter
2001 2757 2305 2817 continui-

570 2862 760 2914 tatem
791 2853 1088 2933 corporis)
1133 2853 1469 2925 cerebrum,
1499 2851 1804 2911 faciebant
1842 2862 1913 2912 ut
1953 2862 2158 2911 motus
2203 2852 2304 2911 ille

573 2949 677 3027 qui
707 2958 838 3008 erat
866 2948 930 3007 in
961 2949 1209 3007 cerebro
1240 2956 1301 3007 et
1338 2947 1539 3006 nervis
1581 2946 1800 3025 opticis
1841 2955 1902 3006 et
1946 2946 2180 3022 reliquo
2220 2945 2306 3005 vi-

573 3043 757 3103 dendi
808 3062 1060 3121 organo,
1107 3041 1421 3101 videretur
1470 3041 1584 3101 tibi
1635 3060 1766 3100 esse
1818 3041 1883 3100 in
1927 3040 2198 3101 fenestra
2240 3049 2304 3100 et

572 3136 807 3196 caeteris
837 3136 1112 3215 objectis,

654 3231 736 3291 A.
783 3231 950 3293 Quid
980 3241 1074 3291 est
1110 3230 1394 3291 flamma?
1481 3229 1699 3290 Putavi
1742 3229 1905 3288 enim
1943 3229 2130 3301 illam,
2165 3249 2302 3308 quae

569 3326 646 3386 ab
679 3326 898 3405 exiguo
930 3326 1238 3386 straminis
1263 3325 1409 3385 dum
1438 3325 1815 3385 comburitur
1843 3324 2154 3403 manipulo
2176 3323 2303 3383 exit

570 3422 835 3495 flamma,
855 3420 1085 3481 centies
1115 3420 1406 3499 majorem
1432 3438 1562 3480 esse
1586 3439 1768 3499 quam
1797 3427 1929 3479 erat
1960 3418 2090 3498 ipse
2106 3416 2300 3478 mani-

569 3517 767 3596 puIUS.
