<?xml version="1.0" encoding="UTF-8"?>
<!DOCTYPE html PUBLIC "-//W3C//DTD XHTML 1.0 Transitional//EN"
    "http://www.w3.org/TR/xhtml1/DTD/xhtml1-transitional.dtd">
<html xmlns="http://www.w3.org/1999/xhtml" xml:lang="en" lang="en">
 <head>
  <title>
</title>
<meta http-equiv="Content-Type" content="text/html;charset=utf-8" />
  <meta name='ocr-system' content='tesseract 3.04.00' />
  <meta name='ocr-capabilities' content='ocr_page ocr_carea ocr_par ocr_line ocrx_word'/>
</head>
<body>
  <div class='ocr_page' id='page_1' title='image "./operaphilosophic04hobbuoft_0461.png"; bbox 0 0 2462 4120; ppageno 0'>
   <div class='ocr_carea' id='block_1_1' title="bbox 850 361 1995 419">
    <p class='ocr_par' dir='ltr' id='par_1_1' title="bbox 850 361 1995 419">
     <span class='ocr_line' id='line_1_1' title="bbox 850 361 1995 419; baseline -0.001 -3"><span class='ocrx_word' id='word_1_1' title='bbox 850 372 1414 419; x_wconf 78' lang='lat' dir='ltr'><strong>GEOMETRARUM.</strong></span> <span class='ocrx_word' id='word_1_2' title='bbox 1876 361 1995 415; x_wconf 87' lang='lat'>449</span> 
     </span>
    </p>
   </div>
   <div class='ocr_carea' id='block_1_2' title="bbox 247 510 2304 1920">
    <p class='ocr_par' dir='ltr' id='par_1_2' title="bbox 247 510 2304 1259">
     <span class='ocr_line' id='line_1_2' title="bbox 247 510 2302 582; baseline -0.007 -3"><span class='ocrx_word' id='word_1_3' title='bbox 247 545 250 548; x_wconf 50' lang='grc'>“</span> <span class='ocrx_word' id='word_1_4' title='bbox 343 517 575 579; x_wconf 82' lang='lat' dir='ltr'>Coroll.</span> <span class='ocrx_word' id='word_1_5' title='bbox 607 516 671 575; x_wconf 91' lang='lat' dir='ltr'>ii.</span> <span class='ocrx_word' id='word_1_6' title='bbox 741 514 970 574; x_wconf 73' lang='lat' dir='ltr'>,Iuncta</span> <span class='ocrx_word' id='word_1_7' title='bbox 992 512 1094 572; x_wconf 87' lang='lat' dir='ltr'>AS</span> <span class='ocrx_word' id='word_1_8' title='bbox 1127 522 1375 571; x_wconf 83' lang='lat' dir='ltr'>secante</span> <span class='ocrx_word' id='word_1_9' title='bbox 1408 510 1559 570; x_wconf 88' lang='lat' dir='ltr'>CD</span> <span class='ocrx_word' id='word_1_10' title='bbox 1545 532 1607 570; x_wconf 91' lang='lat' dir='ltr'>1n</span> <span class='ocrx_word' id='word_1_11' title='bbox 1640 511 1708 582; x_wconf 91' lang='lat' dir='ltr'>L,</span> <span class='ocrx_word' id='word_1_12' title='bbox 1740 511 1858 570; x_wconf 88' lang='lat' dir='ltr'>erit</span> <span class='ocrx_word' id='word_1_13' title='bbox 1887 511 1997 570; x_wconf 92' lang='lat' dir='ltr'>DL</span> <span class='ocrx_word' id='word_1_14' title='bbox 2074 533 2186 565; x_wconf 82' lang='lat' dir='ltr'>CAP</span> <span class='ocrx_word' id='word_1_15' title='bbox 2214 533 2302 566; x_wconf 84' lang='lat' dir='ltr'>xx.</span> 
     </span>
     <span class='ocr_line' id='line_1_3' title="bbox 253 589 2304 694; baseline -0.007 -19"><span class='ocrx_word' id='word_1_16' title='bbox 253 614 502 694; x_wconf 81' lang='lat' dir='ltr'>aequalis</span> <span class='ocrx_word' id='word_1_17' title='bbox 533 609 987 671; x_wconf 83' lang='lat' dir='ltr'>semidiametro</span> <span class='ocrx_word' id='word_1_18' title='bbox 1018 606 1250 678; x_wconf 87' lang='lat' dir='ltr'>circuli,</span> <span class='ocrx_word' id='word_1_19' title='bbox 1283 607 1457 684; x_wconf 91' lang='lat' dir='ltr'>cujus</span> <span class='ocrx_word' id='word_1_20' title='bbox 1487 605 1799 684; x_wconf 88' lang='lat' dir='ltr'>perimetri</span> <span class='ocrx_word' id='word_1_21' title='bbox 1822 625 1996 684; x_wconf 88' lang='lat' dir='ltr'>quar·</span> <span class='ocrx_word' id='word_1_22' title='bbox 2021 589 2304 673; x_wconf 31' lang='lat' dir='ltr'>D‘T‘d</span> 
     </span>
     <span class='ocr_line' id='line_1_4' title="bbox 252 699 2160 787; baseline -0.007 -18"><span class='ocrx_word' id='word_1_23' title='bbox 252 719 334 770; x_wconf 89' lang='lat' dir='ltr'>tae</span> <span class='ocrx_word' id='word_1_24' title='bbox 362 707 523 787; x_wconf 87' lang='lat' dir='ltr'>parti</span> <span class='ocrx_word' id='word_1_25' title='bbox 570 703 819 784; x_wconf 87' lang='lat' dir='ltr'>aequalis</span> <span class='ocrx_word' id='word_1_26' title='bbox 860 712 954 762; x_wconf 91' lang='lat' dir='ltr'>est</span> <span class='ocrx_word' id='word_1_27' title='bbox 1001 701 1210 760; x_wconf 90' lang='lat' dir='ltr'>radius</span> <span class='ocrx_word' id='word_1_28' title='bbox 1241 699 1371 759; x_wconf 91' lang='lat' dir='ltr'>AB.</span> <span class='ocrx_word' id='word_1_29' title='bbox 1462 699 1620 758; x_wconf 85' lang='lat' dir='ltr'><strong>Sunt</strong></span> <span class='ocrx_word' id='word_1_30' title='bbox 1666 699 1827 757; x_wconf 90' lang='lat' dir='ltr'>enim</span> <span class='ocrx_word' id='word_1_31' title='bbox 1878 699 2038 770; x_wconf 71' lang='grc' dir='ltr'>ΞΒ,</span> <span class='ocrx_word' id='word_1_32' title='bbox 2020 705 2160 729; x_wconf 57' lang='lat'>¹¹¹¹¹¹¹</span> 
     </span>
     <span class='ocr_line' id='line_1_5' title="bbox 253 793 1998 879; baseline -0.008 -15"><span class='ocrx_word' id='word_1_33' title='bbox 253 803 384 875; x_wconf 87' lang='lat' dir='ltr'>AB,</span> <span class='ocrx_word' id='word_1_34' title='bbox 410 802 538 874; x_wconf 91' lang='lat' dir='ltr'>DL,</span> <span class='ocrx_word' id='word_1_35' title='bbox 569 809 824 879; x_wconf 90' lang='lat' dir='ltr'>propter</span> <span class='ocrx_word' id='word_1_36' title='bbox 854 795 1317 857; x_wconf 88' lang='lat' dir='ltr'>similitudinem</span> <span class='ocrx_word' id='word_1_37' title='bbox 1349 805 1406 853; x_wconf 89' lang='lat' dir='ltr'>t1</span> <span class='ocrx_word' id='word_1_38' title='bbox 1410 794 1796 872; x_wconf 67' lang='lat' dir='ltr'>1ancrulorum</span> <span class='ocrx_word' id='word_1_39' title='bbox 1822 793 1998 866; x_wconf 86' lang='lat' dir='ltr'><strong>SBA,</strong></span> 
     </span>
     <span class='ocr_line' id='line_1_6' title="bbox 251 888 2003 972; baseline -0.007 -15"><span class='ocrx_word' id='word_1_40' title='bbox 251 897 438 969; x_wconf 93' lang='lat' dir='ltr'><strong>ADL,</strong></span> <span class='ocrx_word' id='word_1_41' title='bbox 471 896 763 955; x_wconf 85' lang='lat' dir='ltr'>continue</span> <span class='ocrx_word' id='word_1_42' title='bbox 794 889 1305 972; x_wconf 66' lang='lat' dir='ltr'>proportionales</span> <span class='ocrx_word' id='word_1_43' title='bbox 1393 889 1506 947; x_wconf 90' lang='lat' dir='ltr'>Est</span> <span class='ocrx_word' id='word_1_44' title='bbox 1554 897 1762 946; x_wconf 90' lang='lat' dir='ltr'>autem</span> <span class='ocrx_word' id='word_1_45' title='bbox 1797 889 1892 946; x_wconf 68' lang='grc' dir='ltr'>ΞΒ</span> <span class='ocrx_word' id='word_1_46' title='bbox 1924 888 2003 947; x_wconf 89' lang='lat' dir='ltr'>ad</span> 
     </span>
     <span class='ocr_line' id='line_1_7' title="bbox 254 982 2003 1070; baseline -0.006 -19"><span class='ocrx_word' id='word_1_47' title='bbox 254 992 385 1060; x_wconf 90' lang='lat' dir='ltr'>AB,</span> <span class='ocrx_word' id='word_1_48' title='bbox 419 992 486 1051; x_wconf 89' lang='lat' dir='ltr'>ut</span> <span class='ocrx_word' id='word_1_49' title='bbox 515 989 822 1070; x_wconf 86' lang='lat' dir='ltr'>quadrans</span> <span class='ocrx_word' id='word_1_50' title='bbox 861 984 1178 1066; x_wconf 87' lang='lat' dir='ltr'>perimetri</span> <span class='ocrx_word' id='word_1_51' title='bbox 1224 983 1304 1043; x_wconf 89' lang='lat' dir='ltr'>ad</span> <span class='ocrx_word' id='word_1_52' title='bbox 1350 982 1610 1042; x_wconf 87' lang='lat' dir='ltr'>radium.</span> <span class='ocrx_word' id='word_1_53' title='bbox 1701 983 1906 1042; x_wconf 74' lang='lat' dir='ltr'>Quare</span> <span class='ocrx_word' id='word_1_54' title='bbox 1941 993 2003 1041; x_wconf 91' lang='lat' dir='ltr'>et</span> 
     </span>
     <span class='ocr_line' id='line_1_8' title="bbox 255 1076 2006 1160; baseline -0.006 -14"><span class='ocrx_word' id='word_1_55' title='bbox 255 1086 364 1146; x_wconf 90' lang='lat' dir='ltr'>AB</span> <span class='ocrx_word' id='word_1_56' title='bbox 406 1085 486 1145; x_wconf 91' lang='lat' dir='ltr'>ad</span> <span class='ocrx_word' id='word_1_57' title='bbox 524 1085 635 1144; x_wconf 92' lang='lat' dir='ltr'>DL</span> <span class='ocrx_word' id='word_1_58' title='bbox 680 1093 771 1144; x_wconf 88' lang='lat' dir='ltr'>est</span> <span class='ocrx_word' id='word_1_59' title='bbox 809 1091 881 1142; x_wconf 92' lang='lat' dir='ltr'>ut</span> <span class='ocrx_word' id='word_1_60' title='bbox 917 1079 1224 1160; x_wconf 89' lang='lat' dir='ltr'>quadrans</span> <span class='ocrx_word' id='word_1_61' title='bbox 1267 1077 1585 1158; x_wconf 89' lang='lat' dir='ltr'>perimetri</span> <span class='ocrx_word' id='word_1_62' title='bbox 1626 1076 1704 1136; x_wconf 89' lang='lat' dir='ltr'>ad</span> <span class='ocrx_word' id='word_1_63' title='bbox 1744 1077 2006 1150; x_wconf 72' lang='lat' dir='ltr'>radium,</span> 
     </span>
     <span class='ocr_line' id='line_1_9' title="bbox 254 1180 1161 1259; baseline -0.007 -19"><span class='ocrx_word' id='word_1_64' title='bbox 254 1200 477 1259; x_wconf 88' lang='lat' dir='ltr'>nempe</span> <span class='ocrx_word' id='word_1_65' title='bbox 508 1180 637 1239; x_wconf 91' lang='lat' dir='ltr'>DL.</span> <span class='ocrx_word' id='word_1_66' title='bbox 1158 1226 1161 1228; x_wconf 83' lang='lat'><em>.</em></span> 
     </span>
    </p>

    <p class='ocr_par' dir='ltr' id='par_1_3' title="bbox 256 1266 2014 1920">
     <span class='ocr_line' id='line_1_10' title="bbox 346 1266 2008 1350; baseline -0.006 -16"><span class='ocrx_word' id='word_1_67' title='bbox 346 1274 582 1334; x_wconf 81' lang='lat' dir='ltr'>Coroll.</span> <span class='ocrx_word' id='word_1_68' title='bbox 633 1274 719 1333; x_wconf 90' lang='lat' dir='ltr'>iii.</span> <span class='ocrx_word' id='word_1_69' title='bbox 795 1273 1055 1350; x_wconf 84' lang='lat' dir='ltr'>Sumpta</span> <span class='ocrx_word' id='word_1_70' title='bbox 1106 1270 1171 1329; x_wconf 92' lang='lat' dir='ltr'>in</span> <span class='ocrx_word' id='word_1_71' title='bbox 1222 1269 1336 1328; x_wconf 88' lang='lat' dir='ltr'>AD</span> <span class='ocrx_word' id='word_1_72' title='bbox 1388 1277 1564 1347; x_wconf 87' lang='lat' dir='ltr'>parte</span> <span class='ocrx_word' id='word_1_73' title='bbox 1607 1267 1734 1326; x_wconf 87' lang='lat' dir='ltr'>AM</span> <span class='ocrx_word' id='word_1_74' title='bbox 1787 1266 2008 1345; x_wconf 82' lang='lat' dir='ltr'>aequali</span> 
     </span>
     <span class='ocr_line' id='line_1_11' title="bbox 256 1361 2009 1446; baseline -0.007 -15"><span class='ocrx_word' id='word_1_75' title='bbox 256 1379 442 1431; x_wconf 88' lang='lat' dir='ltr'>rectae</span> <span class='ocrx_word' id='word_1_76' title='bbox 472 1370 602 1442; x_wconf 88' lang='lat' dir='ltr'>DL,</span> <span class='ocrx_word' id='word_1_77' title='bbox 635 1368 942 1446; x_wconf 88' lang='lat' dir='ltr'>ductaque</span> <span class='ocrx_word' id='word_1_78' title='bbox 972 1366 1120 1438; x_wconf 89' lang='lat' dir='ltr'>RM,</span> <span class='ocrx_word' id='word_1_79' title='bbox 1153 1373 1215 1423; x_wconf 93' lang='lat' dir='ltr'>et</span> <span class='ocrx_word' id='word_1_80' title='bbox 1244 1362 1551 1443; x_wconf 87' lang='lat' dir='ltr'>producta</span> <span class='ocrx_word' id='word_1_81' title='bbox 1579 1361 1661 1421; x_wconf 89' lang='lat' dir='ltr'>ad</span> <span class='ocrx_word' id='word_1_82' title='bbox 1709 1362 1806 1421; x_wconf 68' lang='grc' dir='ltr'>ΒΞ</span> <span class='ocrx_word' id='word_1_83' title='bbox 1855 1361 2009 1420; x_wconf 86' lang='lat' dir='ltr'>inci—</span> 
     </span>
     <span class='ocr_line' id='line_1_12' title="bbox 259 1457 2010 1533; baseline -0.007 -7"><span class='ocrx_word' id='word_1_84' title='bbox 259 1465 364 1525; x_wconf 90' lang='lat' dir='ltr'>det</span> <span class='ocrx_word' id='word_1_85' title='bbox 392 1465 457 1524; x_wconf 94' lang='lat' dir='ltr'>in</span> <span class='ocrx_word' id='word_1_86' title='bbox 489 1464 556 1524; x_wconf 83' lang='lat' dir='ltr'>C.</span> <span class='ocrx_word' id='word_1_87' title='bbox 663 1463 818 1523; x_wconf 89' lang='lat' dir='ltr'>Cum</span> <span class='ocrx_word' id='word_1_88' title='bbox 863 1462 1026 1521; x_wconf 88' lang='lat' dir='ltr'>enim</span> <span class='ocrx_word' id='word_1_89' title='bbox 1056 1461 1169 1519; x_wconf 90' lang='lat' dir='ltr'>AD</span> <span class='ocrx_word' id='word_1_90' title='bbox 1201 1460 1281 1519; x_wconf 92' lang='lat' dir='ltr'>sit</span> <span class='ocrx_word' id='word_1_91' title='bbox 1327 1458 1535 1517; x_wconf 88' lang='lat' dir='ltr'>radius</span> <span class='ocrx_word' id='word_1_92' title='bbox 1579 1457 1792 1516; x_wconf 87' lang='lat' dir='ltr'>circuli</span> <span class='ocrx_word' id='word_1_93' title='bbox 1837 1457 2010 1533; x_wconf 88' lang='lat' dir='ltr'>cujus</span> 
     </span>
     <span class='ocr_line' id='line_1_13' title="bbox 258 1550 2011 1640; baseline -0.006 -20"><span class='ocrx_word' id='word_1_94' title='bbox 258 1559 576 1640; x_wconf 87' lang='lat' dir='ltr'>perimetri</span> <span class='ocrx_word' id='word_1_95' title='bbox 599 1577 741 1637; x_wconf 86' lang='lat' dir='ltr'>pars</span> <span class='ocrx_word' id='word_1_96' title='bbox 766 1565 986 1636; x_wconf 84' lang='lat' dir='ltr'>quarta</span> <span class='ocrx_word' id='word_1_97' title='bbox 1010 1566 1104 1614; x_wconf 92' lang='lat' dir='ltr'>est</span> <span class='ocrx_word' id='word_1_98' title='bbox 1135 1554 1383 1633; x_wconf 83' lang='lat' dir='ltr'>aequalis</span> <span class='ocrx_word' id='word_1_99' title='bbox 1416 1553 1533 1625; x_wconf 88' lang='lat' dir='ltr'>BS,</span> <span class='ocrx_word' id='word_1_100' title='bbox 1559 1563 1620 1611; x_wconf 91' lang='lat' dir='ltr'>et</span> <span class='ocrx_word' id='word_1_101' title='bbox 1650 1552 1777 1612; x_wconf 89' lang='lat' dir='ltr'>AM</span> <span class='ocrx_word' id='word_1_102' title='bbox 1802 1550 2011 1610; x_wconf 90' lang='lat' dir='ltr'>radius</span> 
     </span>
     <span class='ocr_line' id='line_1_14' title="bbox 261 1646 2011 1732; baseline -0.006 -18"><span class='ocrx_word' id='word_1_103' title='bbox 261 1655 475 1714; x_wconf 89' lang='lat' dir='ltr'>circuli</span> <span class='ocrx_word' id='word_1_104' title='bbox 507 1656 681 1732; x_wconf 89' lang='lat' dir='ltr'>cujus</span> <span class='ocrx_word' id='word_1_105' title='bbox 711 1651 1028 1731; x_wconf 88' lang='lat' dir='ltr'>perimetri</span> <span class='ocrx_word' id='word_1_106' title='bbox 1057 1669 1197 1728; x_wconf 91' lang='lat' dir='ltr'>pars</span> <span class='ocrx_word' id='word_1_107' title='bbox 1229 1657 1450 1726; x_wconf 89' lang='lat' dir='ltr'>quarta</span> <span class='ocrx_word' id='word_1_108' title='bbox 1475 1658 1568 1707; x_wconf 90' lang='lat' dir='ltr'>est</span> <span class='ocrx_word' id='word_1_109' title='bbox 1599 1647 1848 1725; x_wconf 79' lang='lat' dir='ltr'>aequalis</span> <span class='ocrx_word' id='word_1_110' title='bbox 1878 1646 2011 1717; x_wconf 84' lang='lat' dir='ltr'>AB,</span> 
     </span>
     <span class='ocr_line' id='line_1_15' title="bbox 262 1741 2010 1822; baseline -0.006 -12"><span class='ocrx_word' id='word_1_111' title='bbox 262 1762 326 1810; x_wconf 93' lang='lat' dir='ltr'>et</span> <span class='ocrx_word' id='word_1_112' title='bbox 372 1759 560 1809; x_wconf 80' lang='lat' dir='ltr'>rectae</span> <span class='ocrx_word' id='word_1_113' title='bbox 590 1767 800 1807; x_wconf 89' lang='lat' dir='ltr'>omnes</span> <span class='ocrx_word' id='word_1_114' title='bbox 843 1746 1046 1805; x_wconf 82' lang='lat' dir='ltr'>ductae</span> <span class='ocrx_word' id='word_1_115' title='bbox 1086 1766 1123 1803; x_wconf 92' lang='lat' dir='ltr'>a</span> <span class='ocrx_word' id='word_1_116' title='bbox 1162 1753 1394 1822; x_wconf 90' lang='lat' dir='ltr'>puncto</span> <span class='ocrx_word' id='word_1_117' title='bbox 1428 1744 1483 1802; x_wconf 80' lang='lat' dir='ltr'>R</span> <span class='ocrx_word' id='word_1_118' title='bbox 1512 1752 1722 1802; x_wconf 84' lang='lat' dir='ltr'>secant</span> <span class='ocrx_word' id='word_1_119' title='bbox 1755 1741 1870 1812; x_wconf 80' lang='lat' dir='ltr'>RS,</span> <span class='ocrx_word' id='word_1_120' title='bbox 1897 1741 2010 1799; x_wconf 93' lang='lat' dir='ltr'>AD</span> 
     </span>
     <span class='ocr_line' id='line_1_16' title="bbox 262 1835 2014 1920; baseline -0.006 -17"><span class='ocrx_word' id='word_1_121' title='bbox 262 1845 325 1903; x_wconf 90' lang='lat' dir='ltr'>in</span> <span class='ocrx_word' id='word_1_122' title='bbox 357 1843 594 1902; x_wconf 87' lang='lat' dir='ltr'>ratione</span> <span class='ocrx_word' id='word_1_123' title='bbox 625 1850 862 1920; x_wconf 80' lang='lat' dir='ltr'>quartae</span> <span class='ocrx_word' id='word_1_124' title='bbox 891 1839 1082 1918; x_wconf 89' lang='lat' dir='ltr'>partis</span> <span class='ocrx_word' id='word_1_125' title='bbox 1111 1837 1429 1916; x_wconf 90' lang='lat' dir='ltr'>perimetri</span> <span class='ocrx_word' id='word_1_126' title='bbox 1459 1837 1539 1897; x_wconf 87' lang='lat' dir='ltr'>ad</span> <span class='ocrx_word' id='word_1_127' title='bbox 1561 1835 1822 1908; x_wconf 89' lang='lat' dir='ltr'>radium,</span> <span class='ocrx_word' id='word_1_128' title='bbox 1843 1843 2014 1894; x_wconf 87' lang='lat' dir='ltr'>recta</span> 
     </span>
    </p>
   </div>
   <div class='ocr_carea' id='block_1_3' title="bbox 264 1933 1178 2018">
    <p class='ocr_par' dir='ltr' id='par_1_4' title="bbox 264 1933 1178 2018">
     <span class='ocr_line' id='line_1_17' title="bbox 264 1933 1178 2018; baseline -0.007 -20"><span class='ocrx_word' id='word_1_129' title='bbox 264 1939 391 1998; x_wconf 74' lang='grc' dir='ltr'>ΗΜ</span> <span class='ocrx_word' id='word_1_130' title='bbox 420 1937 723 2018; x_wconf 89' lang='lat' dir='ltr'>producta</span> <span class='ocrx_word' id='word_1_131' title='bbox 751 1934 982 1995; x_wconf 90' lang='lat' dir='ltr'>incidet</span> <span class='ocrx_word' id='word_1_132' title='bbox 1014 1934 1078 1992; x_wconf 92' lang='lat' dir='ltr'>in</span> <span class='ocrx_word' id='word_1_133' title='bbox 1109 1933 1178 1993; x_wconf 84' lang='lat' dir='ltr'>C.</span> 
     </span>
    </p>
   </div>
   <div class='ocr_carea' id='block_1_4' title="bbox 966 2183 1299 2195">
    <p class='ocr_par' dir='ltr' id='par_1_5' title="bbox 966 2183 1299 2195">
     <span class='ocr_line' id='line_1_18' title="bbox 966 2183 1299 2195; baseline 0 0"><span class='ocrx_word' id='word_1_134' title='bbox 966 2183 1299 2195; x_wconf 95' lang='lat' dir='ltr'> </span> 
     </span>
    </p>
   </div>
   <div class='ocr_carea' id='block_1_5' title="bbox 932 2352 1329 2414">
    <p class='ocr_par' dir='ltr' id='par_1_6' title="bbox 932 2352 1329 2414">
     <span class='ocr_line' id='line_1_19' title="bbox 932 2352 1329 2414; baseline -0.005 -1"><span class='ocrx_word' id='word_1_135' title='bbox 932 2353 1109 2414; x_wconf 89' lang='lat' dir='ltr'><strong>CAP.</strong></span> <span class='ocrx_word' id='word_1_136' title='bbox 1152 2352 1329 2412; x_wconf 89' lang='lat' dir='ltr'>XXI.</span> 
     </span>
    </p>
   </div>
   <div class='ocr_carea' id='block_1_6' title="bbox 423 2505 1863 2550">
    <p class='ocr_par' dir='ltr' id='par_1_7' title="bbox 423 2505 1863 2550">
     <span class='ocr_line' id='line_1_20' title="bbox 423 2505 1863 2550; baseline -0.003 0"><span class='ocrx_word' id='word_1_137' title='bbox 423 2510 515 2550; x_wconf 89' lang='lat' dir='ltr'>DE</span> <span class='ocrx_word' id='word_1_138' title='bbox 547 2507 1060 2550; x_wconf 87' lang='lat' dir='ltr'><strong>MAGNITUDINE</strong></span> <span class='ocrx_word' id='word_1_139' title='bbox 1095 2506 1381 2549; x_wconf 87' lang='lat' dir='ltr'><strong>CIRCULI</strong></span> <span class='ocrx_word' id='word_1_140' title='bbox 1418 2505 1863 2547; x_wconf 87' lang='lat' dir='ltr'><strong>HUGENIANA.</strong></span> 
     </span>
    </p>
   </div>
   <div class='ocr_carea' id='block_1_7' title="bbox 270 2603 2022 3628">
    <p class='ocr_par' dir='ltr' id='par_1_8' title="bbox 270 2603 2022 3628">
     <span class='ocr_line' id='line_1_21' title="bbox 270 2603 2016 2683; baseline -0.002 -18"><span class='ocrx_word' id='word_1_141' title='bbox 270 2606 979 2665; x_wconf 82' lang='lat' dir='ltr'><strong>DETERMINATIONEM</strong></span> <span class='ocrx_word' id='word_1_142' title='bbox 1024 2605 1186 2664; x_wconf 90' lang='lat' dir='ltr'>hanc</span> <span class='ocrx_word' id='word_1_143' title='bbox 1223 2603 1666 2683; x_wconf 81' lang='lat' dir='ltr'>magnitudinis</span> <span class='ocrx_word' id='word_1_144' title='bbox 1696 2623 1873 2662; x_wconf 88' lang='lat' dir='ltr'>arcus</span> <span class='ocrx_word' id='word_1_145' title='bbox 1906 2603 2016 2661; x_wconf 89' lang='lat' dir='ltr'>BD</span> 
     </span>
     <span class='ocr_line' id='line_1_22' title="bbox 272 2698 2016 2778; baseline -0.002 -19"><span class='ocrx_word' id='word_1_146' title='bbox 272 2707 447 2759; x_wconf 88' lang='lat' dir='ltr'>tanta</span> <span class='ocrx_word' id='word_1_147' title='bbox 498 2699 819 2778; x_wconf 86' lang='lat' dir='ltr'>diligentia</span> <span class='ocrx_word' id='word_1_148' title='bbox 869 2720 906 2759; x_wconf 95' lang='lat' dir='ltr'>a</span> <span class='ocrx_word' id='word_1_149' title='bbox 954 2699 1288 2778; x_wconf 85' lang='lat' dir='ltr'>geometris</span> <span class='ocrx_word' id='word_1_150' title='bbox 1339 2698 1538 2757; x_wconf 90' lang='lat' dir='ltr'>omnis</span> <span class='ocrx_word' id='word_1_151' title='bbox 1597 2699 1712 2758; x_wconf 87' lang='lat' dir='ltr'>aevi</span> <span class='ocrx_word' id='word_1_152' title='bbox 1764 2698 2016 2756; x_wconf 90' lang='lat' dir='ltr'>summis</span> 
     </span>
     <span class='ocr_line' id='line_1_23' title="bbox 273 2793 2017 2872; baseline -0.001 -20"><span class='ocrx_word' id='word_1_153' title='bbox 273 2793 611 2872; x_wconf 79' lang='lat' dir='ltr'>quaesitam,</span> <span class='ocrx_word' id='word_1_154' title='bbox 671 2813 976 2872; x_wconf 89' lang='lat' dir='ltr'>quamque</span> <span class='ocrx_word' id='word_1_155' title='bbox 1034 2813 1240 2852; x_wconf 87' lang='lat' dir='ltr'>veram</span> <span class='ocrx_word' id='word_1_156' title='bbox 1302 2813 1433 2852; x_wconf 91' lang='lat' dir='ltr'>esse</span> <span class='ocrx_word' id='word_1_157' title='bbox 1500 2803 1628 2852; x_wconf 90' lang='lat' dir='ltr'>tam</span> <span class='ocrx_word' id='word_1_158' title='bbox 1694 2793 2017 2852; x_wconf 87' lang='lat' dir='ltr'>manifeste</span> 
     </span>
     <span class='ocr_line' id='line_1_24' title="bbox 273 2887 2018 2966; baseline -0.001 -20"><span class='ocrx_word' id='word_1_159' title='bbox 273 2887 456 2947; x_wconf 93' lang='lat' dir='ltr'>modo</span> <span class='ocrx_word' id='word_1_160' title='bbox 488 2887 921 2960; x_wconf 83' lang='lat' dir='ltr'>demonstravi,</span> <span class='ocrx_word' id='word_1_161' title='bbox 954 2908 1136 2966; x_wconf 91' lang='lat' dir='ltr'>quam</span> <span class='ocrx_word' id='word_1_162' title='bbox 1165 2888 1489 2947; x_wconf 89' lang='lat' dir='ltr'>manifeste</span> <span class='ocrx_word' id='word_1_163' title='bbox 1519 2888 1644 2947; x_wconf 88' lang='lat' dir='ltr'>ulla</span> <span class='ocrx_word' id='word_1_164' title='bbox 1683 2887 1848 2966; x_wconf 89' lang='lat' dir='ltr'>apud</span> <span class='ocrx_word' id='word_1_165' title='bbox 1894 2887 2018 2945; x_wconf 92' lang='lat' dir='ltr'>Eu-</span> 
     </span>
     <span class='ocr_line' id='line_1_25' title="bbox 274 2982 2018 3062; baseline -0.002 -20"><span class='ocrx_word' id='word_1_166' title='bbox 274 2982 495 3042; x_wconf 92' lang='lat' dir='ltr'>clidem</span> <span class='ocrx_word' id='word_1_167' title='bbox 525 2982 860 3060; x_wconf 85' lang='lat' dir='ltr'>propositio</span> <span class='ocrx_word' id='word_1_168' title='bbox 893 2982 1313 3042; x_wconf 89' lang='lat' dir='ltr'>demonstrata</span> <span class='ocrx_word' id='word_1_169' title='bbox 1343 2994 1455 3055; x_wconf 87' lang='lat' dir='ltr'>est,</span> <span class='ocrx_word' id='word_1_170' title='bbox 1485 2983 1862 3062; x_wconf 85' lang='lat' dir='ltr'>professores</span> <span class='ocrx_word' id='word_1_171' title='bbox 1894 3001 2018 3038; x_wconf 90' lang='lat' dir='ltr'>ma-</span> 
     </span>
     <span class='ocr_line' id='line_1_26' title="bbox 275 3075 2018 3157; baseline -0.002 -21"><span class='ocrx_word' id='word_1_172' title='bbox 275 3075 612 3145; x_wconf 88' lang='lat' dir='ltr'>thematici,</span> <span class='ocrx_word' id='word_1_173' title='bbox 657 3076 854 3153; x_wconf 90' lang='lat' dir='ltr'>primo</span> <span class='ocrx_word' id='word_1_174' title='bbox 901 3086 1207 3137; x_wconf 88' lang='lat' dir='ltr'>nostrates</span> <span class='ocrx_word' id='word_1_175' title='bbox 1251 3078 1433 3137; x_wconf 92' lang='lat' dir='ltr'>simul</span> <span class='ocrx_word' id='word_1_176' title='bbox 1479 3088 1665 3157; x_wconf 88' lang='lat' dir='ltr'>atque</span> <span class='ocrx_word' id='word_1_177' title='bbox 1714 3076 2018 3155; x_wconf 88' lang='lat' dir='ltr'>apparuit,</span> 
     </span>
     <span class='ocr_line' id='line_1_27' title="bbox 275 3170 2019 3250; baseline -0.002 -20"><span class='ocrx_word' id='word_1_178' title='bbox 275 3189 500 3248; x_wconf 84' lang='lat' dir='ltr'>magno</span> <span class='ocrx_word' id='word_1_179' title='bbox 526 3179 754 3229; x_wconf 90' lang='lat' dir='ltr'>conatu</span> <span class='ocrx_word' id='word_1_180' title='bbox 781 3170 922 3230; x_wconf 85' lang='lat' dir='ltr'>irati</span> <span class='ocrx_word' id='word_1_181' title='bbox 945 3180 1473 3250; x_wconf 85' lang='lat' dir='ltr'>oppugnaverunt,</span> <span class='ocrx_word' id='word_1_182' title='bbox 1494 3170 2019 3231; x_wconf 88' lang='lat' dir='ltr'>consentientibus</span> 
     </span>
     <span class='ocr_line' id='line_1_28' title="bbox 277 3262 2018 3344; baseline -0.002 -22"><span class='ocrx_word' id='word_1_183' title='bbox 277 3264 461 3323; x_wconf 90' lang='lat' dir='ltr'>etiam</span> <span class='ocrx_word' id='word_1_184' title='bbox 502 3272 564 3322; x_wconf 91' lang='lat' dir='ltr'>et</span> <span class='ocrx_word' id='word_1_185' title='bbox 605 3263 996 3323; x_wconf 87' lang='lat' dir='ltr'>laudantibus</span> <span class='ocrx_word' id='word_1_186' title='bbox 1045 3267 1301 3325; x_wconf 89' lang='lat' dir='ltr'>caeteris.</span> <span class='ocrx_word' id='word_1_187' title='bbox 1391 3266 1512 3325; x_wconf 85' lang='lat' dir='ltr'>Sed</span> <span class='ocrx_word' id='word_1_188' title='bbox 1556 3266 1773 3344; x_wconf 91' lang='lat' dir='ltr'>quibus</span> <span class='ocrx_word' id='word_1_189' title='bbox 1814 3262 2018 3332; x_wconf 88' lang='lat' dir='ltr'>armis,</span> 
     </span>
     <span class='ocr_line' id='line_1_29' title="bbox 278 3356 2021 3439; baseline -0.002 -22"><span class='ocrx_word' id='word_1_190' title='bbox 278 3359 499 3438; x_wconf 91' lang='lat' dir='ltr'>quibus</span> <span class='ocrx_word' id='word_1_191' title='bbox 546 3358 730 3416; x_wconf 91' lang='lat' dir='ltr'>innisi</span> <span class='ocrx_word' id='word_1_192' title='bbox 774 3359 1090 3437; x_wconf 90' lang='lat' dir='ltr'>principiis</span> <span class='ocrx_word' id='word_1_193' title='bbox 1117 3359 1138 3418; x_wconf 72' lang='grc' dir='ltr'>ἒ</span> <span class='ocrx_word' id='word_1_194' title='bbox 1242 3361 1369 3419; x_wconf 85' lang='lat' dir='ltr'>Illis</span> <span class='ocrx_word' id='word_1_195' title='bbox 1399 3381 1536 3439; x_wconf 80' lang='lat' dir='ltr'>quae</span> <span class='ocrx_word' id='word_1_196' title='bbox 1566 3379 1749 3438; x_wconf 86' lang='lat' dir='ltr'>supra</span> <span class='ocrx_word' id='word_1_197' title='bbox 1779 3356 2021 3416; x_wconf 89' lang='lat' dir='ltr'>ostendi</span> 
     </span>
     <span class='ocr_line' id='line_1_30' title="bbox 278 3451 2022 3534; baseline -0.003 -22"><span class='ocrx_word' id='word_1_198' title='bbox 278 3472 410 3512; x_wconf 89' lang='lat' dir='ltr'>esse</span> <span class='ocrx_word' id='word_1_199' title='bbox 440 3451 704 3511; x_wconf 89' lang='lat' dir='ltr'>absurda</span> <span class='ocrx_word' id='word_1_200' title='bbox 742 3475 756 3510; x_wconf 74' lang='grc' dir='ltr'>ε</span> <span class='ocrx_word' id='word_1_201' title='bbox 799 3471 1039 3532; x_wconf 88' lang='lat' dir='ltr'>nempe,</span> <span class='ocrx_word' id='word_1_202' title='bbox 1087 3452 1159 3512; x_wconf 74' lang='lat' dir='ltr'>Si</span> <span class='ocrx_word' id='word_1_203' title='bbox 1199 3453 1369 3513; x_wconf 80' lang='lat' dir='ltr'>linea</span> <span class='ocrx_word' id='word_1_204' title='bbox 1417 3454 1858 3534; x_wconf 75' lang='lat' dir='ltr'>multiplicetur</span> <span class='ocrx_word' id='word_1_205' title='bbox 1893 3470 2022 3530; x_wconf 76' lang='lat' dir='ltr'>per</span> 
     </span>
     <span class='ocr_line' id='line_1_31' title="bbox 279 3545 2016 3628; baseline -0.002 -22"><span class='ocrx_word' id='word_1_206' title='bbox 279 3566 604 3618; x_wconf 81' lang='lat' dir='ltr'>numerum,</span> <span class='ocrx_word' id='word_1_207' title='bbox 627 3545 886 3623; x_wconf 82' lang='lat' dir='ltr'>factum</span> <span class='ocrx_word' id='word_1_208' title='bbox 925 3567 1060 3605; x_wconf 73' lang='lat' dir='ltr'>esse</span> <span class='ocrx_word' id='word_1_209' title='bbox 1096 3568 1405 3607; x_wconf 82' lang='lat' dir='ltr'>numerum</span> <span class='ocrx_word' id='word_1_210' title='bbox 1436 3549 1888 3628; x_wconf 79' lang='lat' dir='ltr'>quadratorum</span> <span class='ocrx_word' id='word_1_211' title='bbox 1916 3568 2016 3603; x_wconf 92' lang='lat'><strong>.·--</strong></span> 
     </span>
    </p>
   </div>
   <div class='ocr_carea' id='block_1_8' title="bbox 283 3640 2025 3794">
    <p class='ocr_par' dir='ltr' id='par_1_9' title="bbox 283 3640 2025 3794">
     <span class='ocr_line' id='line_1_32' title="bbox 283 3640 2025 3720; baseline -0.002 -20"><span class='ocrx_word' id='word_1_212' title='bbox 283 3641 356 3700; x_wconf 74' lang='lat' dir='ltr'>Si</span> <span class='ocrx_word' id='word_1_213' title='bbox 385 3661 426 3699; x_wconf 85' lang='lat' dir='ltr'>a</span> <span class='ocrx_word' id='word_1_214' title='bbox 464 3659 710 3698; x_wconf 79' lang='lat' dir='ltr'>numero</span> <span class='ocrx_word' id='word_1_215' title='bbox 742 3641 1185 3720; x_wconf 82' lang='lat' dir='ltr'>quadratorum</span> <span class='ocrx_word' id='word_1_216' title='bbox 1230 3643 1608 3703; x_wconf 78' lang='lat' dir='ltr'>extrahatur</span> <span class='ocrx_word' id='word_1_217' title='bbox 1652 3640 1845 3700; x_wconf 68' lang='lat' dir='ltr'>radi-r</span> <span class='ocrx_word' id='word_1_218' title='bbox 1877 3660 2025 3718; x_wconf 82' lang='lat' dir='ltr'>qua-</span> 
     </span>
     <span class='ocr_line' id='line_1_33' title="bbox 450 3751 1853 3794; baseline -0.001 0"><span class='ocrx_word' id='word_1_219' title='bbox 450 3752 606 3794; x_wconf 85' lang='lat' dir='ltr'><strong>VOL.</strong></span> <span class='ocrx_word' id='word_1_220' title='bbox 640 3752 733 3794; x_wconf 86' lang='lat' dir='ltr'>lv.</span> <span class='ocrx_word' id='word_1_221' title='bbox 1738 3752 1778 3792; x_wconf 85' lang='lat' dir='ltr'><strong>G</strong></span> <span class='ocrx_word' id='word_1_222' title='bbox 1813 3751 1853 3792; x_wconf 85' lang='lat' dir='ltr'>G</span> 
     </span>
    </p>
   </div>
  </div>
 </body>
</html>
