2462 4120
650 380 1115 423 PROBLEMATA
1149 381 1469 422 PHYSICA.
1806 370 1927 424 343

182 534 258 586 et
285 545 323 584 a
351 522 682 602 majoribus
711 521 997 580 maribus
1073 521 1322 579 Montes
1352 531 1558 579 autem
1586 522 1674 580 illi
1703 522 1767 581 in
1797 523 1926 603 qui-
2017 540 2130 573 GAP·
2156 540 2224 572 v1.

191 621 306 680 bus
353 628 493 678 sunt
524 616 653 675 Nili
683 614 1106 693 scaturigineS,
1139 614 1436 673 maximos
1485 634 1615 674 esse
1667 627 1925 691 constat,
1951 649 2286 697 Depmvifflento,

184 724 258 774 >et
285 714 396 774 sub
427 720 756 791 aequatore,
799 719 862 769 et
891 729 1080 788 prope
1111 729 1278 767 mare
1311 708 1609 768 Indicum.
1696 711 1926 771 Miran-
1950 703 2285 796 ξξζζζῖζξυξῗῙΜ·

193 808 339 868 dum
369 827 514 886 ergo
544 826 671 866 non
704 813 814 878 est,
846 804 897 864 si
946 804 1010 863 in
1054 803 1172 862 illis
1211 803 1524 862 montibus
1560 805 1822 864 maxima
1851 807 1930 866 sit

191 902 348 962 nivis
407 901 602 979 copia.
693 901 848 961 Quae
905 898 1012 957 nix
1067 898 1409 976 liquescens
1462 897 1673 956 Nilum
1726 910 1929 978 auget,

192 998 365 1076 cujus
421 1016 579 1074 aqua
636 995 946 1054 mensibus
994 992 1222 1071 Aprilis
1282 1001 1346 1051 et
1404 991 1556 1050 Maii
1618 991 1934 1053 descendit

192 1111 401 1151 versus
428 1090 785 1169 AEgyptum,
831 1098 893 1148 et
941 1088 1065 1147 illic
1120 1087 1414 1159 elevatur,
1459 1085 1723 1145 maxime
1772 1087 1933 1146 circa

193 1186 519 1246 solstitium
550 1185 864 1245 aestivum:
909 1183 1116 1261 itaque
1145 1191 1370 1241 terram
1401 1180 1680 1240 inundat.

278 1281 360 1340 A.
408 1281 537 1339 Cur
587 1299 734 1358 ergo
781 1299 908 1338 non
948 1277 1209 1336 inundat
1251 1277 1345 1336 bis
1393 1276 1456 1335 in
1497 1296 1679 1349 anno,
1721 1275 1784 1335 id
1823 1285 1931 1350 est,

186 1375 434 1455 quoties
466 1375 556 1434 sol
586 1384 678 1433 est
706 1373 769 1432 in
802 1383 1113 1451 aequatore
1139 1371 1159 1430 ἓ

279 1471 360 1529 Β.
407 1470 502 1529 Ab
542 1468 882 1548 aequinoxio
930 1466 1270 1526 autumnali
1314 1465 1708 1544 progreditur
1738 1466 1827 1526 sol
1858 1466 1936 1526 ad

196 1565 502 1644 tropicum
548 1564 918 1635 Australem,
954 1571 1024 1622 ut
1070 1562 1272 1621 nivem
1308 1561 1374 1619 in
1416 1561 1709 1620 lateribus
1762 1582 1936 1620 mon-

196 1659 351 1718 tium
382 1659 489 1738 qui
509 1659 845 1736 AEgyptum
870 1666 1148 1735 spectant
1177 1655 1543 1734 liquefacere
1574 1677 1700 1716 non
1723 1658 1932 1735 possit.

279 1753 361 1813 A.
407 1754 670 1831 Oportet
715 1761 919 1810 autem
973 1760 1043 1810 ut
1094 1751 1173 1810 sit
1224 1749 1544 1810 inundatio
1604 1751 1815 1810 similis
1863 1771 1937 1810 ex

197 1855 369 1924 parte
399 1847 701 1905 montium
732 1846 1021 1905 Australi.

279 1938 356 1998 B.
402 1941 746 2000 Descensus
778 1940 1027 2018 quidem
1074 1959 1376 2017 aquarum
1421 1940 1619 2018 major
1658 1940 1936 2018 profecto

195 2034 378 2094 debe-t
408 2055 558 2108 esse,
590 2035 732 2114 quia
779 2035 976 2113 major
1011 2045 1101 2093 est
1150 2035 1496 2112 liquefactae
1541 2036 1696 2094 nivis
1741 2035 1935 2113 copia.

196 2128 526 2188 Inundatio
558 2139 763 2188 autem
792 2129 960 2188 nulla
987 2149 1116 2188 esse
1141 2139 1364 2207 potest,
1388 2129 1507 2188 nisi
1535 2129 1940 2189 inundaretur

196 2243 365 2282 mare
400 2223 699 2295 Indicum,
735 2224 898 2303 quod
929 2235 1171 2283 montes
1202 2224 1338 2283 illos
1370 2224 1563 2283 alluit.

283 2317 468 2379 Quod
507 2318 585 2377 ad
639 2338 886 2378 causam
933 2318 1158 2377 attinet
1206 2337 1315 2375 cur
1354 2326 1482 2376 tam
1522 2338 1661 2377 raro
1690 2317 1845 2396 pluit
1875 2317 1940 2376 in

195 2411 487 2491 AEgyptO,
520 2432 656 2472 eam
688 2433 816 2472 esse
840 2423 1009 2491 pnt0‚
1042 2411 1207 2491 quod
1237 2412 1413 2471 valde
1443 2414 1652 2492 magni
1698 2423 1939 2472 montes

197 2526 395 2585 prope,
415 2507 751 2586 AEgyptum
798 2507 950 2566 nulli
1003 2508 1124 2566 sint
1174 2507 1239 2565 in
1295 2508 1513 2585 quibus
1564 2509 1757 2567 nubes
1808 2508 1939 2567 sisti

197 2611 473 2678 possunt.
562 2603 810 2662 Montes
853 2603 1016 2661 enim
1056 2602 1222 2661 unde
1253 2603 1432 2662 Nilus
1464 2602 1678 2674 oritur,
1710 2602 1941 2661 distant

195 2693 343 2754 :inde
395 2696 639 2756 circiter
686 2704 849 2758 2000
890 2697 1054 2756 mille
1103 2717 1410 2775 passuum.
1504 2698 1628 2758 Qui
1677 2697 1939 2775 proximi

202 2797 344 2847 sunt
372 2790 448 2848 ab
479 2811 600 2849 uno
631 2791 841 2863 latere,
873 2801 1015 2851 sunt
1059 2803 1300 2852 montes
1331 2792 1553 2852 Nubiae
1580 2817 1593 2851 :
1640 2792 1716 2851 ab
1747 2792 1940 2851 altera

202 2893 397 2961 parte,
431 2883 576 2942 Sina
606 2898 667 2943 et
698 2895 933 2945 montes
964 2887 1209 2947 Arabiae
1241 2887 1387 2947 satis
1420 2887 1638 2947 dissiti.

287 2975 368 3035 A.
416 2977 595 3037 Unde
626 2980 911 3039 oriuntur
940 2982 1152 3042 venti?

287 3071 368 3129 B.
416 3071 746 3151 Praecipue,
776 3085 847 3132 ut
876 3075 1136 3150 videtur,
1169 3098 1204 3136 a
1233 3086 1408 3135 motu
1438 3077 1713 3136 nubium.
1800 3077 1940 3135 Par-

204 3164 316 3223 tim
346 3165 531 3224 etiam
561 3186 597 3224 a
625 3186 691 3225 re
715 3187 1074 3247 quacunque
1105 3171 1169 3229 in
1199 3191 1338 3230 aere
1370 3180 1555 3230 mota.

284 3262 365 3321 A.
411 3263 621 3322 Nubes
651 3284 687 3322 a
715 3265 910 3324 ventis
939 3266 1087 3325 ferri
1115 3268 1508 3326 manifestum
1539 3277 1649 3326 est.
1696 3263 1935 3324 Videris

201 3375 348 3434 ergo
380 3357 662 3416 effectum
694 3365 920 3436 ponere
950 3370 1094 3420 ante
1124 3382 1388 3421 causam.

286 3454 366 3512 B.
415 3454 478 3513 Si
502 3455 725 3514 nubem
750 3475 994 3516 movere
1018 3459 1169 3517 nihil
1191 3469 1400 3538 posset
1422 3467 1646 3538 praeter
1665 3465 1934 3526 ventum,

203 3546 466 3626 objectio
496 3548 600 3607 illa
627 3549 790 3608 bona
819 3560 993 3610 esset.
1083 3553 1206 3612 Sed
1242 3554 1468 3612 nubem
1499 3551 1798 3630 gravitate
1829 3567 1938 3606 sua

206 3641 576 3702 descendere
604 3662 780 3720 posse
811 3644 1214 3706 certissimum
1244 3657 1355 3707 est.
1439 3644 1699 3705 Quando
1732 3650 1936 3701 autem
