2462 4120
584 405 1112 449 MATHEMATICAE
1149 407 1553 451 HomERNAE.
1828 399 1938 453 125

207 547 577 627 quantitates
621 565 722 605 eas
770 564 897 604 esse
950 565 1207 624 quarum
1251 565 1552 606 mensurae
1605 567 1940 627 congruere

204 649 474 720 possunt.

287 734 368 794 A.
415 732 538 793 Sed
568 753 848 812 quaenam
888 753 1175 793 mensura
1205 743 1299 794 est
1342 753 1464 812 qua
1508 746 1941 814 computantur

202 829 363 888 inter
418 847 480 887 se
535 827 672 886 duae
743 826 1055 887 rationes?
1171 827 1286 887 Per
1347 828 1572 887 lineam
1643 830 1942 891 minorem

202 922 490 983 metimur
533 922 867 1001 majorem3
922 931 983 982 et
1030 942 1140 1001 per
1192 922 1575 1001 superficiem
1624 924 1940 998 minorem,

201 1017 493 1096 majorem
518 1016 937 1094 superficiem3
982 1016 1292 1090 nimirum,
1317 1037 1504 1076 unam
1534 1017 1713 1077 alteri
1735 1038 1944 1098 super-

200 1110 507 1191 ponendo,
598 1109 719 1170 Sed
749 1131 827 1170 an
872 1120 934 1170 et
963 1111 1266 1170 rationem
1309 1112 1606 1190 majorem
1653 1131 1944 1192 superpo-

201 1204 406 1266 nendo
436 1205 741 1278 metimur,
773 1204 868 1263 vel
898 1205 1056 1264 ratio
1086 1206 1312 1265 rationi
1338 1206 1668 1285 superponi
1698 1211 1940 1285 pot-est?

285 1298 361 1357 Β.
410 1299 683 1358 Minime.
762 1298 882 1358 Sed
913 1308 1169 1379 possunt
1201 1299 1576 1379 quantitates
1607 1302 1773 1380 ipsae,
1799 1323 1944 1382 qua-

201 1415 339 1455 rum
388 1394 546 1454 ratio
601 1394 917 1472 quaeritur,
969 1414 1094 1454 una
1143 1415 1326 1474 supra
1384 1395 1565 1454 aliam
1621 1397 1815 1475 poni;
1883 1409 1944 1457 et

203 1489 468 1549 rationes
525 1489 674 1568 ipsae
721 1488 807 1548 sie
866 1490 1245 1568 comparari3
1314 1500 1386 1549 ut
1434 1490 1582 1550 feeit
1644 1492 1944 1566 Hobbius,

203 1584 350 1664 Cap.
380 1585 503 1644 xiii.
537 1584 669 1644 Art.
702 1591 761 1656 6,
793 1583 935 1643 libri
967 1603 1056 1643 DE
1093 1602 1435 1657 CORPORE,
1472 1585 1537 1644 in
1579 1606 1698 1664 quo
1748 1588 1945 1666 capite

200 1678 579 1739 theoremeta
648 1678 949 1738 Elementi
1008 1680 1207 1758 quinti
1265 1679 1536 1739 Euclidis
1595 1682 1819 1755 omnia,
1880 1694 1943 1742 et

200 1772 494 1832 nonnulla
522 1772 641 1831 alia
669 1792 793 1832 non
836 1773 1038 1833 minus
1069 1773 1346 1852 pulchra,
1391 1775 1659 1834 breviter
1703 1785 1765 1836 et
1807 1798 1945 1856 per-

201 1867 407 1947 spicue
440 1866 902 1927 demonstravit.

283 1961 363 2021 A.
412 1961 476 2021 Si
526 1962 601 2021 ab
652 1961 770 2021 illis
821 1982 955 2041 quae
1006 1962 1092 2022 ibi
1141 1962 1309 2023 diota
1358 1973 1502 2023 sunt
1554 1984 1727 2025 suam
1784 1966 1943 2026 hanc

199 2057 507 2116 rationum
563 2057 1124 2136 homogeneitatem
1175 2058 1496 2132 derivavit,
1545 2070 1712 2119 reete
1757 2059 1940 2130 fecit3

199 2150 265 2210 id
292 2151 548 2210 nescivit
581 2159 808 2211 tamen.
894 2151 1216 2226 Praeterea,
1249 2152 1416 2231 quod
1446 2153 1597 2213 dicit
1624 2154 1850 2214 lineam
1879 2165 1942 2214 et

199 2244 438 2324 pondus
467 2246 879 2324 heterogenea
908 2265 1057 2320 esse,
1090 2266 1303 2306 verum
1333 2256 1459 2317 est;
1500 2257 1704 2327 potest
1734 2259 1941 2308 tamen

201 2359 330 2399 esse
363 2349 435 2398 ut
475 2359 685 2399 eorum
734 2340 1103 2419 quantitates
1152 2341 1276 2401 sint
1317 2342 1751 2421 homogeneae;
1797 2364 1941 2403 nam

200 2440 269 2492 ut
297 2432 475 2493 lineae
505 2433 584 2493 ad
613 2434 837 2493 lineam
868 2434 1025 2494 ratio
1049 2435 1113 2495 in
1140 2434 1373 2495 duabus
1398 2436 1575 2497 lineis
1599 2438 1938 2512 exhibetur,

202 2526 288 2586 sie
319 2527 503 2586 etiam
535 2529 788 2587 eorum*
820 2528 1164 2607 ponderum
1194 2531 1351 2590 ratio
1392 2531 1457 2591 in
1503 2531 1737 2593 duabus
1765 2534 1940 2594 lineis

201 2621 472 2682 exhiberi
501 2631 726 2701 potest.
816 2622 902 2682 Ut
934 2623 1097 2682 enim
1139 2625 1330 2684 cubus
1378 2626 1458 2685 ad
1504 2628 1728 2688 cubum
1781 2630 1941 2708 ejus-

202 2715 338 2775 dem
381 2717 651 2777 materiae
694 2716 964 2795 duplum,
1012 2717 1098 2777 ita
1143 2729 1237 2779 est
1287 2721 1530 2799 pondus
1577 2722 1656 2781 ad
1701 2724 1940 2802 pondus

203 2809 454 2889 duplum
479 2837 493 2880 ;
539 2820 600 2871 et
630 2821 700 2871 ut
729 2813 1030 2872 utrumvis
1061 2813 1140 2873 ad
1170 2834 1348 2874 suum
1372 2815 1645 2895 duplum,
1672 2817 1758 2877 ita
1779 2819 1941 2877 linea

203 2903 282 2962 ad
309 2904 532 2965 lineam
560 2905 826 2986 duplam.
889 2907 1022 2968 Erit
1053 2929 1198 2988 ergo
1222 2919 1293 2968 ut
1322 2912 1632 2990 quantitas
1654 2913 1940 2991 ponderis

203 2997 281 3057 ad
304 2997 750 3078 longitudinem
780 3000 959 3062 lineae
989 3022 1126 3082 quae
1162 3003 1364 3082 ipsum
1394 3016 1807 3083 repraesentat,
1853 3008 1941 3066 ita

205 3093 513 3170 quantitas
569 3095 857 3172 ponderis
917 3096 1087 3176 dupli
1139 3098 1219 3157 ad
1267 3098 1715 3178 longitudinem
1765 3103 1939 3160 lineae

205 3186 405 3266 duplae
432 3188 628 3266 ipsum
652 3194 1166 3269 repraesentantis,
1237 3194 1358 3253 Sed
1388 3196 1766 3274 perga—Si
1789 3217 1940 3254 eom-

191 3289 484 3360 paretur,
515 3283 731 3362 inquit,
763 3287 976 3365 quoad
1007 3287 1309 3348 rationem
1341 3290 1850 3370 quadripondz'um
1879 3298 1939 3348 et

204 3373 570 3454 bipondium,
593 3378 758 3436 ratio
788 3389 881 3439 est
911 3380 1105 3462 dupla
1126 3405 1149 3450 ,·
1190 3382 1249 3441 si
1269 3381 1434 3442 linea
1454 3383 1938 3465 quadrupedalis

205 3468 296 3527 ad
327 3468 644 3548 pedalem,
689 3472 852 3531 ratio
893 3483 988 3534 est
1035 3475 1388 3557 quadrupla
1408 3499 1431 3544 ;
1476 3498 1615 3559 quoe
1662 3478 1936 3536 rationes

204 3561 293 3622 ad
330 3561 580 3622 invicem
617 3568 969 3646 comparari
1002 3579 1287 3649 possunt,
1327 3591 1561 3651 nempe,
1597 3571 1726 3630 hoee
1765 3570 1935 3630 illius

402 3719 430 3747 *
470 3718 551 3767 Sic
572 3713 704 3769 Edit.
736 3724 877 3770 1668.
951 3723 1123 3783 Quaere
1151 3726 1401 3773 “duorum
1424 3726 1735 3788 ponderum.''

2002 571 2253 605 DIALOGUS

2095 640 2167 672 111.

2006 697 2244 728 κ--Ἶρ--ν
