2462 4120
450 849 1178 919 PROBLEMATA
1253 848 1726 917 PHYSICA.

570 1340 1041 1383 PROBLEMATA
1075 1342 1165 1383 DE
1202 1340 1622 1383 GRAVITATE.

297 1446 376 1508 A.
425 1450 803 1510 QUAMNAM
855 1459 1038 1527 putas
1092 1468 1222 1507 esse
1267 1467 1446 1526 posse
1500 1467 1771 1520 causam,
1810 1446 1976 1524 quod

213 1543 449 1622 lapides
480 1543 720 1621 aliaque
745 1563 1006 1622 corpora
1037 1542 1355 1602 terrestria
1384 1542 1448 1600 in
1473 1542 1665 1601 altum
1700 1542 1979 1620 projecta

214 1638 343 1697 sive
374 1648 607 1710 evecta,
640 1648 703 1696 et
735 1638 878 1697 dein
925 1638 1208 1710 demissa,
1250 1636 1331 1696 ad
1375 1646 1607 1696 terram
1636 1655 1847 1695 rursus
1877 1635 1979 1694 de-

215 1732 539 1804 scendunt,
593 1731 778 1810 idque
843 1731 1171 1810 (quantum
1231 1731 1482 1807 scimus)
1548 1750 1658 1789 sua
1710 1739 1931 1808 sponte
1958 1728 1978 1787 ἓ

217 1825 506 1898 Credere,
556 1846 698 1885 cum
744 1826 1126 1906 philosophis
1180 1825 1468 1903 antiquiS,
1522 1825 1689 1903 quod
1748 1834 1980 1884 terram

215 1929 426 1979 ament
455 1920 553 1979 vel
583 1928 900 1999 appetant,
931 1940 1060 1979 non
1090 1940 1340 1998 possum
1366 1943 1379 1978 t
1427 1939 1626 1998 neque
1669 1918 1836 1997 quod
1872 1939 1984 1997 per

217 2015 669 2074 contumaciam
701 2015 991 2094 aliquam,
1025 2014 1375 2074 desinentes
1398 2013 1711 2092 progredi,
1735 2032 1984 2072 manere

217 2117 426 2167 tamen
457 2109 693 2177 nolint;
740 2129 882 2168 cum
913 2119 1049 2168 tota
1079 2109 1259 2169 tellus
1284 2108 1573 2167 fluctuari
1604 2108 1666 2167 in
1686 2127 1826 2167 aere
1857 2127 1984 2166 non

219 2201 609 2280 dedignetur.
655 2203 1078 2263 Veruntamen
1109 2204 1173 2262 in
1204 2223 1345 2263 aere
1376 2202 1530 2261 nihil
1562 2222 1762 2280 neque
1781 2201 1982 2273 videO,

217 2315 419 2374 neque
449 2296 776 2375 imaginari
799 2317 1068 2376 possum,
1094 2297 1259 2376 quod
1288 2297 1394 2355 illa
1424 2295 1691 2374 dejiciat.

2082 1481 2194 1513 CAP.
2222 1481 2254 1512 Ι.

2044 1537 2284 1566 κ--Υ-κ

2028 1586 2084 1621 De
2103 1587 2292 1633 gravitate.

303 2390 385 2449 B.
434 2390 696 2451 Causam
726 2391 1049 2470 gravitatis
1079 2392 1142 2451 in
1167 2392 1449 2470 appetitu
1470 2391 1795 2463 collocare,
1821 2390 1984 2449 insa·
2059 2459 2063 2463 ¹

218 2504 369 2543 num
432 2495 545 2544 est.
645 2486 947 2546 Homines
999 2486 1185 2557 enim,
1235 2486 1396 2544 sicut
1449 2493 1676 2544 caetera
1726 2504 1985 2562 corpora

220 2579 452 2657 gravia,
485 2580 562 2638 ab
595 2580 720 2639 alto
751 2582 1098 2640 necessario
1131 2580 1249 2640 nisi
1281 2580 1705 2640 sustineantur
1724 2579 1982 2638 cadunt:

223 2683 288 2732 et
319 2693 466 2732 casu
500 2673 694 2752 (quod
724 2683 932 2734 tamen
975 2676 1227 2734 minime
1275 2676 1603 2754 appetunt)
1657 2671 1985 2752 aliquando

223 2779 506 2845 pereunt.
596 2768 863 2828 Necesse
915 2789 1063 2848 ergo
1119 2778 1232 2842 est,
1265 2779 1334 2829 ut
1379 2768 1611 2847 gravia,
1659 2778 1986 2847 postquam

226 2867 430 2920 motus
461 2881 581 2938 quo
624 2863 1035 2940 projiciuntur
1066 2864 1377 2922 extinctus
1408 2862 1505 2934 sit,
1538 2870 1646 2921 aut
1674 2869 1984 2931 maneant,

227 2963 336 3014 aut
366 2954 442 3012 ab
473 2973 614 3012 aere
638 2964 805 3014 moto
837 2955 916 3014 ad
946 2964 1177 3015 terram
1208 2957 1574 3016 referantur.
1664 2956 1826 3014 Nam
1851 2974 1986 3013 cor-

226 3067 342 3126 pus
383 3067 565 3105 omne
609 3048 774 3125 quod
819 3049 1098 3127 quiescit,
1133 3051 1279 3109 novi
1326 3060 1530 3109 motus
1578 3049 1819 3108 initium
1873 3047 1987 3106 sibi

227 3141 345 3219 ipsi
377 3140 523 3199 dare
554 3160 680 3199 non
726 3150 952 3218 potest.
1041 3143 1424 3202 Probabilius
1472 3163 1622 3221 ergo
1671 3141 1824 3201 nihil
1872 3150 1984 3207 est,

231 3255 416 3314 quam
449 3233 615 3312 quod
645 3245 851 3293 motus
888 3235 1107 3312 aliquis
1153 3237 1270 3314 ipsi
1318 3237 1524 3295 telluri
1573 3236 1739 3307 insit,
1777 3235 1986 3312 (quem

228 3328 529 3398 homineS,
561 3338 890 3408 propterea
921 3329 1087 3406 quod
1118 3339 1300 3389 terrae
1331 3330 1641 3400 insistunt,
1675 3329 1986 3407 percipere

229 3443 356 3482 non
389 3423 698 3500 possunt),
734 3441 855 3498 quo
888 3442 1092 3481 aerem
1121 3423 1360 3482 facilius
1392 3445 1428 3482 a
1460 3444 1522 3482 se
1562 3423 1763 3501 rejicit
1802 3439 1987 3498 quam

232 3525 460 3576 caetera
509 3534 790 3592 corpora.
882 3516 1023 3575 Hoc
1065 3517 1227 3575 enim
1283 3517 1622 3595 suppositO,
1665 3525 1726 3574 et
1769 3522 1984 3591 praete-

231 3631 338 3670 rea
366 3608 530 3689 quod
561 3609 731 3668 locus
763 3629 1020 3687 corpore
1043 3630 1271 3669 vacuus
1297 3611 1498 3669 nullus
1525 3611 1622 3682 sit,
1655 3606 1986 3668 necessitas

403 3722 560 3763 VOL.
595 3722 688 3763 IV.
1770 3719 1818 3758 x
