2462 4120
865 377 1422 421 GEOMETRARUM.
1885 371 2027 429 423Γ

272 517 432 590 dam,
473 525 534 576 et
580 515 667 575 sic
714 514 789 574 de
831 516 1087 589 caeteriS,
1129 526 1200 575 ut
1249 516 1532 576 diximus.
1619 518 1762 578 Non
1801 530 2004 580 autem
2066 542 2309 576 cAP.x111.

269 611 557 690 intelligit
608 610 774 669 illam
830 610 1079 689 duplam
1127 631 1257 671 esse
1305 612 1504 690 hujus,
1559 633 1636 672 ne
1687 615 2004 675 theorema
2051 599 2307 688 Dm

268 715 658 787 proponeret,
692 706 858 785 quod
889 707 1108 766 merito
1140 707 1438 785 quispiam
1471 709 1804 768 concedere
1835 731 2005 770 recu·
2052 707 2204 743 ⁰⁸¹⁰¹¹¹⁰·

269 810 448 861 saret.
538 801 691 862 Quis
723 802 886 860 enim
917 802 1262 877 affirmabit,
1295 802 1359 860 in
1406 802 1500 860 his
1546 806 1814 864 numeris
1859 827 2004 865 con-

266 897 438 957 tinue
462 898 1042 976 proportionalibUS,
1065 905 1143 957 25
1158 905 1418 968 —5-1,
1441 899 1905 975 proportionem
1925 907 2002 959 25

265 992 345 1052 ad
382 1000 405 1052 1
445 986 693 1072 duplam
725 1013 855 1053 esse
885 993 1302 1073 proportionis
1345 999 1423 1051 25
1467 991 1547 1051 ad
1593 1000 1669 1051 5:
1718 1013 1858 1051 cum
1900 1014 2006 1072 po-

264 1086 386 1147 tius
417 1107 553 1146 eam
584 1088 717 1166 quis
749 1088 973 1147 dixerit
1003 1108 1134 1147 esse
1167 1086 1555 1166 quintuplam
1583 1086 1641 1146 ?''

349 1183 421 1242 In
452 1183 569 1242 illis
614 1184 719 1262 qui
761 1192 1002 1262 putant,
1033 1183 1248 1262 positis
1291 1182 1488 1241 tribus
1534 1180 1823 1240 continue
1866 1200 2007 1259 pro-

264 1278 729 1356 portionalibUS,
760 1279 1062 1338 rationem
1107 1278 1289 1357 primi
1337 1276 1415 1336 ad
1461 1277 1712 1336 tertium
1761 1275 2007 1354 duplam

266 1392 396 1432 esse
454 1373 708 1433 rationis
765 1374 948 1453 primi
1006 1374 1084 1432 ad
1144 1372 1481 1433 secundum
1508 1397 1522 1441 ;
1585 1371 1734 1431 item
1791 1369 2007 1449 positis

267 1477 530 1546 quatuor
560 1469 1143 1547 proportionalibus,
1175 1468 1474 1527 rationem
1503 1467 1685 1546 primi
1717 1466 1794 1525 ad
1827 1484 2009 1544 quar-

265 1572 397 1621 tum
428 1563 675 1641 triplam
707 1583 836 1622 esse
876 1563 1057 1642 primi
1087 1562 1166 1622 ad
1210 1562 1567 1635 secundum,
1598 1562 1703 1621 ubi
1741 1560 2008 1639 primum

266 1666 359 1715 est
399 1657 671 1716 omnium
703 1658 1074 1716 maximum:
1125 1657 1309 1716 etiam
1342 1677 1454 1735 ego
1487 1676 1640 1715 sum.
1728 1653 2008 1732 Exempli

264 1751 466 1829 gratia
491 1775 504 1810 ε
559 1752 622 1810 in
650 1752 742 1811 his
767 1752 1054 1826 numeriS,
1083 1758 1519 1823 8—4—2—-1,
1547 1751 1682 1810 dico
1707 1750 2008 1809 rationem

265 1853 302 1904 8
333 1845 411 1905 ad
450 1855 472 1906 l
511 1866 640 1906 esse
670 1846 916 1925 triplam
959 1846 1217 1906 rationis
1249 1851 1284 1904 8
1317 1846 1394 1905 ἃᾶ
1425 1855 1459 1905 4
1487 1873 1501 1915 ;
1550 1855 1612 1905 et
1651 1844 2003 1924 sesquialte-

263 1961 394 2000 ram
425 1942 681 2002 rationis
713 1949 750 2001 8
791 1941 870 2000 ad
899 1949 981 2011 2;
1029 1950 1090 2000 et
1131 1942 1433 2001 rationem
1478 1948 1514 2001 8
1559 1941 1638 2000 ἃᾶ
1679 1949 1715 2000 2
1759 1939 2009 2019 duplam

262 2055 393 2095 esse
422 2036 679 2096 rationis
711 2045 748 2097 8
779 2036 859 2095 ἃᾶ
888 2045 946 2095 4.
1037 2036 1180 2095 Non
1213 2036 1410 2095 solum
1437 2036 1580 2115 quia
1608 2034 1893 2095 Euclides
1917 2053 2008 2092 ra-

263 2131 461 2190 tiones
503 2131 637 2190 illas
685 2131 1025 2210 triplicatas
1055 2130 1154 2190 vel
1198 2130 1539 2210 duplicatas
1580 2129 1869 2209 appellat,
1901 2127 2011 2187 sed

265 2226 410 2304 quia
436 2246 649 2285 verum
683 2238 796 2299 est,
830 2236 892 2285 et
922 2226 1151 2285 lumine
1190 2207 1454 2285 naturali
1502 2246 1675 2304 aeque
1724 2223 2010 2284 manifes-

263 2330 395 2381 tum
427 2342 499 2382 ac
529 2342 718 2382 unum
752 2331 814 2382 et
843 2342 1035 2381 unum
1067 2342 1195 2381 esse
1228 2322 1370 2392 duo,
1401 2331 1509 2381 aut
1548 2341 1741 2379 unum
1785 2328 1847 2379 et
1885 2318 2007 2377 duo

265 2435 396 2476 esse
426 2417 563 2477 tria.

347 2511 480 2572 Vox
505 2532 625 2590 qua
641 2512 837 2572 utitur
858 2513 976 2572 hoc
1000 2512 1138 2572 loco
1162 2511 1469 2586 EuclideS,
1489 2531 1709 2590 nempe
1732 2520 2004 2588 διπλασίων,

265 2617 327 2666 et
356 2608 618 2667 vertitur
647 2620 690 2667 a·
714 2607 924 2668 Clavio
963 2606 1308 2688 duplicata,
1341 2607 1474 2667 aliis
1518 2607 1583 2666 in
1628 2607 1777 2666 locis
1812 2608 2007 2668 utitur

263 2720 374 2778 pro
406 2701 609 2779 dupla.
696 2702 900 2762 Primo
946 2703 1009 2761 in
1041 2703 1220 2780 Prop.
1254 2709 1353 2762 20.
1391 2703 1584 2762 Elem.
1616 2702 1699 2761 iii.
1788 2703 2006 2783 Itaque

262 2796 521 2873 angulus
551 2797 613 2855 in
641 2806 873 2869 centrO,
897 2818 1021 2857 non
1053 2798 1255 2857 minus
1283 2798 1507 2857 dicitur
1532 2797 1875 2875 duplicatus
1896 2820 2003 2858 an-

263 2889 392 2968 guli
421 2890 483 2949 in
516 2891 1025 2964 circumferentia,
1059 2912 1241 2971 quam
1272 2891 1511 2970 duplus,
1574 2892 1773 2951 Etiam
1800 2912 1834 2950 a
1868 2893 2003 2952 Cla-

262 2984 363 3043 vio
391 2984 651 3043 vertitur
678 3005 798 3044 vox
843 2985 946 3044 illa
975 2986 1189 3045 Graeca
1221 2995 1477 3043 διπλασίων
1506 3006 1629 3044 non
1670 2986 1850 3045 modo
1893 3008 2003 3065 per

265 3078 519 3158 duplex,
549 3079 656 3137 sed
685 3079 871 3138 etiam
900 3100 1010 3158 per
1040 3079 1307 3161 duplum
1339 3082 1403 3139 in
1425 3081 1845 3160 propositione
1870 3082 2002 3160 ipsa

265 3181 328 3231 et
357 3173 419 3231 in
452 3173 840 3232 conclusione
867 3194 979 3253 per
1010 3175 1263 3256 duplex,
1296 3176 1529 3235 scilicet
1560 3196 1638 3234 ne
1679 3175 1999 3235 dissentire

262 3265 574 3325 videretur
601 3269 935 3345 propositio
966 3289 1002 3328 a
1035 3271 1425 3330 conclusione
1452 3297 1466 3339 ;
1513 3271 1619 3330 sed
1649 3271 1711 3329 in
1753 3270 2001 3329 demon-

263 3361 578 3433 stratione,
609 3349 723 3439 per
750 3361 994 3441 duplus,
1044 3363 1109 3422 Si
1142 3384 1288 3443 ergo
1315 3364 1716 3445 duplicatum,
1752 3362 1998 3443 dupleoe,

265 3463 327 3514 et
354 3454 630 3534 duplum,
671 3456 735 3514 in
776 3456 1219 3533 quantitatibus
1260 3479 1384 3517 non
1424 3458 1587 3517 idem
1631 3457 1998 3534 significant,

249 3569 388 3608 *non
413 3549 622 3607 debuit
652 3548 769 3607 illis
799 3551 890 3608 uti
921 3559 991 3608 ut
1022 3550 1186 3610 idem
1217 3551 1719 3630 significantibus

349 3644 584 3703 Rursus
620 3642 686 3703 in
729 3644 1149 3722 propositione
1191 3646 1406 3706 ultima
1451 3646 1643 3705 Elem.
1676 3646 1755 3714 ix,
1787 3643 1999 3704 eadem
