2462 4120
562 349 674 403 180
914 361 1361 405 EXAMINATIO
1398 365 1480 404 ET
1513 363 1922 405 EMENDATIO

240 520 489 552 DIALOGUS
556 497 635 556 ad
685 517 894 557 arcum
948 500 1157 559 circuli
1207 502 1316 560 sibi
1366 500 1855 579 respondentem,
1908 513 1976 562 ut
2036 509 2048 561 Ι
2101 502 2178 561 ad
2223 508 2281 561 2.

250 588 486 671 ,ζμ-κ
559 592 744 653 Quod
772 601 862 652 est
890 593 1125 654 falsum.

634 687 716 747 B.
761 688 964 747 Etiam
994 691 1323 748 confitente
1373 689 1668 760 WallisiO,
1698 691 1888 767 quiin
1928 691 2159 750 scholio
2206 691 2284 750 ad

551 783 1030 860 propositionem
1059 785 1184 855 xiii,
1214 803 1324 861 per
1363 783 1645 860 spiralem
1675 784 2014 863 intelligere
2040 805 2102 843 se
2130 785 2277 844 dicit

554 896 807 935 arcuum
831 877 1102 936 omnium
1132 877 1369 935 infinite
1401 896 1725 954 parvorum
1749 889 2168 956 aggregatum.

638 970 717 1030 A.
766 971 887 1030 Sed
909 971 972 1030 in
1003 970 1416 1050 propositione
1435 971 1550 1029 hac
1576 971 1846 1049 loquitur
1869 972 2187 1032 manifeste
2207 972 2282 1031 de

553 1064 761 1143 spirali
785 1064 1090 1142 descripta
1108 1064 1182 1123 ab
1202 1063 1590 1122 Archimede.
1653 1065 2109 1142 Propositiones,
2133 1085 2282 1144 ergo

552 1158 633 1231 vi,
677 1158 779 1231 vii,
824 1158 948 1229 viii,
988 1157 1068 1229 ix,
1105 1177 1163 1228 x,
1204 1157 1286 1228 xi,
1327 1156 1436 1228 xii,
1477 1157 1603 1230 xiii,
1653 1168 1796 1216 sunt
1824 1159 2011 1231 falsae,
2052 1168 2121 1218 ut
2144 1179 2281 1237 quae

554 1252 631 1312 ab
661 1252 776 1312 hac
808 1251 1176 1330 dependent.
1265 1251 1590 1323 Praeterea,
1625 1272 1807 1330 quam
1837 1252 2165 1311 absurdum
2189 1263 2284 1312 est

553 1346 797 1415 lineam,
850 1354 1229 1405 constantem
1285 1365 1358 1403 ex
1410 1345 1664 1404 infinitis
1717 1366 1970 1405 numero
2021 1347 2282 1406 arcubus

553 1440 791 1499 infinite
822 1440 1043 1518 parvis,
1077 1439 1382 1517 appellare
1431 1439 1750 1518 spiralem!
1840 1441 1995 1501 Quae
2025 1441 2073 1500 si
2108 1461 2282 1519 regu-

550 1535 763 1594 lariter
792 1535 916 1594 sive
944 1534 1211 1612 regulari
1239 1543 1411 1593 motu
1439 1545 1784 1612 generetur,
1808 1535 2148 1594 necessario
2170 1535 2285 1594 erit

550 1649 727 1688 arcus
759 1629 989 1688 circuli.
1077 1628 1292 1706 Itaque
1323 1628 1507 1686 etiam
1547 1629 1996 1707 propositiones
2039 1629 2160 1702 xiv,
2183 1649 2282 1700 xv,

550 1723 670 1794 xvi,
722 1723 864 1795 xvii,
905 1722 1071 1794 xviii,
1125 1742 1262 1799 quae
1325 1721 1663 1781 fundantur
1718 1742 1900 1800 super
1946 1723 2104 1782 hanc
2154 1724 2282 1802 ejus

551 1816 786 1895 spiralis
817 1815 1404 1894 interpretationem,
1438 1824 1581 1874 sunt
1629 1835 1838 1875 omnes
1884 1816 2070 1876 falsae.
2157 1817 2282 1875 Ne-

551 1930 666 1989 que
693 1911 894 1970 ductae
924 1930 962 1969 a
989 1919 1201 1969 centro
1233 1909 1312 1968 ad
1339 1910 1602 1988 aequales
1631 1910 1766 1970 illos
1797 1911 2048 1990 exiguos
2079 1931 2280 1984 arom,

550 2016 730 2066 erunt
759 2006 1142 2066 arithmetice
1173 2006 1679 2084 proportionales,
1751 2007 2120 2085 Comparata
2149 2007 2281 2066 haec

544 2099 627 2159 ad
657 2101 972 2179 sequentia
999 2100 1330 2159 leviuscula
1359 2110 1519 2159 sunt.

635 2194 714 2254 B.
761 2196 856 2254 An
917 2196 1089 2273 pejus
1147 2195 1210 2253 in
1263 2195 1599 2273 geometria
1646 2215 1783 2254 esse
1841 2203 2066 2274 potest,
2098 2215 2282 2274 quam

547 2289 749 2348 facere
801 2289 1084 2367 spii-alem
1131 2298 1412 2348 constare
1464 2309 1538 2348 ex
1590 2289 1852 2348 arcubus
1903 2289 2136 2362 circuli,
2179 2289 2284 2348 iis-

550 2385 807 2462 demque
837 2405 874 2443 a
912 2385 1094 2443 rectis
1134 2405 1167 2443 e
1219 2395 1430 2444 centro
1482 2384 1838 2462 interceptis
1897 2383 2281 2443 arithmetice

547 2478 1124 2558 proportionalibus
1172 2478 1397 2557 quique
1457 2478 1639 2537 etiam
1691 2478 1955 2555 aequales
2009 2477 2282 2537 efficiunt

548 2572 844 2652 angulos?

629 2666 706 2728 A.
754 2667 916 2727 Satis
947 2666 1191 2745 quidem
1222 2666 1485 2726 absurda
1530 2666 1635 2725 illa
1679 2673 1840 2724 sunt.
1930 2665 2052 2724 Sed
2078 2665 2282 2725 videa-

546 2782 681 2822 mus
707 2771 770 2822 et
798 2763 951 2834 haec,
982 2761 1420 2840 propositionis
1450 2760 1553 2820 xix
1599 2759 2008 2818 lemma—Si
2040 2778 2280 2839 propo-

545 2865 733 2916 natur
755 2855 954 2915 series
974 2854 1382 2933 quantitatum
1400 2853 1462 2913 in
1483 2853 1805 2933 duplicata
1825 2853 2072 2912 ratione
2089 2852 2282 2911 arith-

546 2950 759 3010 metice
777 2947 1360 3031 proportionalium,
1384 2949 1509 3008 Sive
1525 2950 1718 3027 juxta
1746 2948 1968 3007 seriem
2003 2967 2279 3006 numero-

544 3063 680 3103 rum
708 3042 1212 3123 quadraticorum
1242 3041 1517 3101 continue
1548 3041 1965 3114 crescentium,
1987 3061 2027 3100 a
2044 3049 2279 3122 puncto

544 3137 643 3196 vel
670 3144 708 3197 Ο
740 3136 1177 3209 inchoatarum,
1210 3144 1276 3195 ut
1322 3144 1380 3209 Ο,
1417 3144 1466 3208 l,
1492 3145 1550 3207 4,
1579 3144 1636 3209 9,
1677 3142 1770 3208 16,
1806 3144 1904 3195 ete
1927 3158 1949 3195 .·
1981 3135 2278 3216 proposi-

546 3240 668 3291 tum
705 3231 790 3292 sit
837 3230 1148 3311 inquirere
1188 3252 1373 3311 quam
1418 3230 1645 3290 habeat
1692 3229 1806 3290 illa
1853 3229 2151 3288 rationem
2196 3229 2285 3288 ad
2370 3263 2372 3265 >

544 3327 762 3386 seriem
793 3324 1046 3385 totidem
1077 3325 1357 3384 maximae
1397 3323 1740 3404 aequalium.
1829 3323 1977 3383 Fiat
2029 3321 2276 3382 investi-

540 3420 722 3500 gatio
762 3439 887 3500 per
932 3418 1167 3478 modum
1213 3418 1605 3494 inductioni-5,
1635 3427 1705 3478 ut
1749 3419 1811 3478 in
1847 3415 2277 3499 propositione

534 3518 769 3598 prima.
858 3516 1130 3596 Eritque
