2462 4120
866 379 1424 422 GEOMETRARUM.
1890 369 2004 421 441

357 521 450 581 Ex
499 519 617 580 hoc
668 511 873 578 errore
918 517 1195 577 nascitur
1244 516 1416 589 alim,
1459 536 1694 596 nempe,
1743 517 2013 577 radicem
2053 540 2169 573 cm».
2192 538 2338 571 xvm.

2082 596 2319 623 b—f—-ae

274 615 513 676 numeri
563 613 844 692 quadrati
902 633 1032 672 esse
1084 611 1367 691 quadrati
1422 613 1779 689 geometrici
1834 613 2012 672 latus,
2063 647 2118 681 De
2140 646 2263 681 radice

277 709 592 789 Siquidem
621 709 786 768 enim
816 707 1243 787 multiplicatio
1274 707 1515 765 numeri
1543 708 1843 785 producat
1873 728 2014 786 qua-

275 805 519 864 dratum
548 803 1012 882 geometricum,
1042 801 1385 862 necessario
1421 810 1708 879 sequetur
1746 803 2017 862 radicem

275 898 516 959 numeri
542 898 691 958 facti
715 918 847 958 esse
878 899 1077 976 ipsum
1107 897 1286 956 latus·
1354 896 1498 955 Non
1521 895 1813 956 videbant
1835 897 2016 970 enim,

275 994 340 1053 in
389 993 660 1053 numeris
706 993 1075 1072 quadratum
1119 1010 1444 1051 numerum
1486 998 1545 1049 et
1588 990 1859 1050 radicem
1889 992 2019 1068 ejus

277 1107 412 1147 esse
447 1089 629 1148 ambo
677 1080 1011 1147 earundem
1042 1107 1247 1147 rerum
1278 1105 1565 1146 numeros
1593 1107 1606 1144 :
1668 1095 1729 1145 et
1762 1085 2020 1164 proinde

277 1182 548 1242 radicem
597 1183 838 1242 numeri
884 1192 1279 1262 quotcunque
1321 1181 1759 1260 quadratorum
1810 1200 2022 1239 nume-

279 1297 416 1336 rum
446 1297 576 1337 esse
600 1278 788 1337 etiam
818 1277 1277 1355 quadratorum,
1303 1275 1820 1356 quemadmodum
1850 1275 2024 1335 radix

281 1380 524 1432 centum
557 1372 876 1431 hominum
907 1383 1048 1431 sunt
1079 1371 1290 1431 decem
1320 1370 1618 1430 homines,

366 1467 679 1526 Postremo
727 1466 968 1545 decepit
1008 1466 1163 1539 illos,
1209 1464 1374 1545 quod
1412 1464 1670 1524 eandem
1715 1484 1847 1524 rem
1894 1483 2026 1523 esse

282 1562 559 1640 putarint
587 1561 746 1621 latus
778 1560 1062 1640 quadrati
1095 1559 1457 1639 geometrici
1487 1569 1550 1619 et
1579 1559 1852 1619 radicem
1881 1579 2028 1639 qua-

284 1656 447 1716 drati
489 1656 746 1717 numeri.
851 1656 1068 1734 Itaque
1107 1655 1382 1734 regulam
1423 1655 1707 1734 algebrae‚
1750 1674 1887 1735 quae
1932 1674 2029 1713 re—

283 1751 430 1830 gula
459 1760 551 1810 est
579 1770 732 1830 pure
763 1750 1168 1822 arithmetica,
1206 1749 1286 1809 ad
1314 1750 1717 1829 geometriam
1746 1749 2031 1828 imperite

284 1846 680 1924 applicanteS,
718 1864 791 1903 ex
835 1844 1326 1923 ingeniosissima
1371 1844 1773 1905 reddiderunt
1818 1846 2031 1904 absur-

287 1941 616 2013 dissimam,
667 1960 778 2020 pro
829 1940 1009 2009 linea,
1056 1939 1375 2019 quadratO,
1421 1949 1483 1999 et
1524 1940 1701 2010 cub0,
1731 1940 2031 1999 unitatem

284 2036 628 2114 promiscue
695 2043 1116 2113 supputantes
1231 2035 1510 2114 Exempli
1568 2036 1768 2113 gratia
1801 2059 1814 2094 :
1890 2055 2032 2094 cum

286 2131 630 2211 scripsisset
678 2129 948 2209 quidam,
980 2130 1029 2188 si
1060 2130 1175 2189 AD
1217 2139 1484 2207 ponatur
1524 2129 1709 2208 dupla
1738 2129 1871 2201 DV,
1903 2138 1966 2188 et
1994 2149 2034 2189 a

286 2235 420 2287 tota
449 2226 560 2284 AV
591 2225 956 2285 detrahatur
976 2224 1077 2284 As
1109 2224 1310 2283 media
1355 2224 1830 2304 proportionalis
1870 2224 2032 2283 inter

286 2321 450 2400 ipsas
480 2320 593 2379 AD
630 2329 692 2379 et
735 2319 867 2392 DV,
914 2338 1049 2397 quae
1100 2338 1196 2377 re-
1292 2358 1318 2384 A
1649 2357 1670 2385 s
1804 2356 1831 2384 n

284 2416 582 2495 linquitur
639 2415 760 2487 Vs,
819 2413 936 2473 erit
1001 2414 1199 2491 major
1299 2419 1661 2441 ·---·-“
1803 2419 1813 2429 “

291 2511 550 2570 duarum
580 2510 918 2569 mediarum
947 2508 1499 2588 proportionalium
1522 2507 1683 2566 inter
1706 2506 1867 2585 ipsas
1897 2505 2032 2578 AD,

291 2606 436 2665 DV:
480 2605 560 2665 ad
588 2606 706 2665 hoc
737 2604 1181 2664 confutandum
1213 2605 1300 2663 sic
1331 2603 1733 2663 ratiocinatus
1764 2610 1858 2660 est
1896 2620 2036 2679 pro-

292 2701 484 2760 fessor
507 2700 754 2778 quidam
783 2700 1138 2777 geometriae
1167 2699 1481 2779 publicus:

379 2798 415 2825 “
437 2795 704 2853 Ponatur
734 2795 839 2853 DV
877 2794 1127 2873 aequalis
1176 2803 1227 2855 1.
1316 2794 1430 2853 AD
1464 2793 1580 2852 erit
1612 2800 1671 2851 2.
1761 2790 2035 2850 Ponatur

295 2889 396 2948 As
426 2887 628 2947 media
669 2889 1143 2967 proportionalis
1189 2891 1352 2949 inter
1381 2889 1516 2962 AD,
1548 2887 1680 2960 DV,
1722 2896 1785 2946 et
1833 2885 2034 2945 detra-

295 2984 477 3042 hatur
500 2983 577 3041 ab
609 2982 738 3042 AV.
826 2983 1230 3063 Relinquetur
1259 2985 1380 3044 VS.

380 3078 596 3155 “Ergo
626 3077 726 3136 VS
758 3079 1005 3157 aequalis
1040 3089 1135 3139 est
1167 3088 1203 3139 3
1233 3081 1437 3139 minus
1466 3087 1570 3139 «2.

381 3171 587 3231 “Quae
632 3171 1040 3249 multiplicata
1076 3173 1140 3232 in
1171 3194 1234 3234 se
1266 3174 1498 3247 cubice,
1545 3172 1695 3233 facit
1724 3179 1802 3231 45
1835 3171 2037 3230 minus

321 3272 555 3337 A1682,
586 3265 977 3344 quod-minus
1008 3276 1100 3327 est
1139 3289 1322 3347 quam
1361 3279 1626 3348 quatuor
1656 3267 1796 3327 cubi
1826 3286 1861 3325 a
1891 3265 2036 3324 DV:

299 3361 442 3439 quia
470 3368 550 3419 45
583 3361 783 3419 minus
810 3369 856 3420 d
867 3368 1040 3435 1681,
1069 3364 1334 3441 aequales
1386 3373 1529 3423 sunt
1572 3373 1834 3442 quatuor
1864 3360 2036 3418 cubis

298 3476 335 3516 a
365 3455 496 3515 DV.

384 3554 421 3580 ‘⁶
443 3548 598 3609 Cum
628 3568 775 3627 ergo
800 3549 990 3609 cubus
1013 3549 1089 3610 ab
1120 3551 1233 3611 AD
1263 3552 1344 3612 sit
1374 3559 1433 3624 8,
1463 3553 1579 3612 erit
1609 3551 1799 3611 cubus
1828 3547 1904 3608 ab
1934 3547 2033 3606 Vs

2061 700 2262 742 numerica,
2278 701 2347 734 etc.
