<?xml version="1.0" encoding="UTF-8"?>
<!DOCTYPE html PUBLIC "-//W3C//DTD XHTML 1.0 Transitional//EN"
    "http://www.w3.org/TR/xhtml1/DTD/xhtml1-transitional.dtd">
<html xmlns="http://www.w3.org/1999/xhtml" xml:lang="en" lang="en">
 <head>
  <title>
</title>
<meta http-equiv="Content-Type" content="text/html;charset=utf-8" />
  <meta name='ocr-system' content='tesseract 3.04.00' />
  <meta name='ocr-capabilities' content='ocr_page ocr_carea ocr_par ocr_line ocrx_word'/>
</head>
<body>
  <div class='ocr_page' id='page_1' title='image "./operaphilosophic04hobbuoft_0386.png"; bbox 0 0 2462 4120; ppageno 0'>
   <div class='ocr_carea' id='block_1_1' title="bbox 190 511 441 543">
    <p class='ocr_par' dir='ltr' id='par_1_1' title="bbox 190 511 441 543">
     <span class='ocr_line' id='line_1_1' title="bbox 190 511 441 543; baseline 0.004 -1"><span class='ocrx_word' id='word_1_1' title='bbox 190 511 329 542; x_wconf 85' lang='lat' dir='ltr'>PROP.</span> <span class='ocrx_word' id='word_1_2' title='bbox 350 511 441 543; x_wconf 84' lang='lat' dir='ltr'>XII.</span> 
     </span>
    </p>
   </div>
   <div class='ocr_carea' id='block_1_2' title="bbox 203 569 438 594">
    <p class='ocr_par' dir='ltr' id='par_1_2' title="bbox 203 569 438 594">
     <span class='ocr_line' id='line_1_2' title="bbox 203 569 438 594; baseline 0 -9"><span class='ocrx_word' id='word_1_3' title='bbox 203 569 438 594; x_wconf 37' lang='grc' dir='ltr'>ᾒ-Υ--κ</span> 
     </span>
    </p>
   </div>
   <div class='ocr_carea' id='block_1_3' title="bbox 510 335 1859 398">
    <p class='ocr_par' dir='ltr' id='par_1_3' title="bbox 510 335 1859 398">
     <span class='ocr_line' id='line_1_3' title="bbox 510 335 1859 398; baseline 0.002 -8"><span class='ocrx_word' id='word_1_4' title='bbox 510 335 626 398; x_wconf 87' lang='lat'>374</span> <span class='ocrx_word' id='word_1_5' title='bbox 900 349 988 390; x_wconf 89' lang='lat' dir='ltr'>DE</span> <span class='ocrx_word' id='word_1_6' title='bbox 1022 350 1524 394; x_wconf 80' lang='lat' dir='ltr'>MAGNITUDINE</span> <span class='ocrx_word' id='word_1_7' title='bbox 1558 351 1859 394; x_wconf 80' lang='lat' dir='ltr'>olRoULI.</span> 
     </span>
    </p>
   </div>
   <div class='ocr_carea' id='block_1_4' title="bbox 506 487 2237 1788">
    <p class='ocr_par' dir='ltr' id='par_1_4' title="bbox 506 487 2237 1227">
     <span class='ocr_line' id='line_1_4' title="bbox 507 487 2235 570; baseline 0.002 -23"><span class='ocrx_word' id='word_1_8' title='bbox 507 487 766 547; x_wconf 88' lang='lat' dir='ltr'>transire</span> <span class='ocrx_word' id='word_1_9' title='bbox 804 508 914 567; x_wconf 90' lang='lat' dir='ltr'>per</span> <span class='ocrx_word' id='word_1_10' title='bbox 961 490 1102 549; x_wconf 90' lang='lat' dir='ltr'>cubi</span> <span class='ocrx_word' id='word_1_11' title='bbox 1137 499 1432 564; x_wconf 83' lang='lat' dir='ltr'><strong>centrum,</strong></span> <span class='ocrx_word' id='word_1_12' title='bbox 1466 492 1702 570; x_wconf 82' lang='lat' dir='ltr'>sphaera</span> <span class='ocrx_word' id='word_1_13' title='bbox 1730 493 1793 550; x_wconf 91' lang='lat' dir='ltr'>in</span> <span class='ocrx_word' id='word_1_14' title='bbox 1824 510 1945 569; x_wconf 91' lang='lat' dir='ltr'>qua</span> <span class='ocrx_word' id='word_1_15' title='bbox 1973 489 2235 551; x_wconf 90' lang='lat' dir='ltr'>circulus</span> 
     </span>
     <span class='ocr_line' id='line_1_5' title="bbox 507 582 2237 664; baseline 0.002 -25"><span class='ocrx_word' id='word_1_16' title='bbox 507 582 607 640; x_wconf 93' lang='lat' dir='ltr'>ille</span> <span class='ocrx_word' id='word_1_17' title='bbox 659 591 819 640; x_wconf 87' lang='lat' dir='ltr'>esset</span> <span class='ocrx_word' id='word_1_18' title='bbox 867 585 1165 644; x_wconf 88' lang='lat' dir='ltr'>maximus</span> <span class='ocrx_word' id='word_1_19' title='bbox 1210 594 1424 664; x_wconf 83' lang='lat' dir='ltr'>tanget</span> <span class='ocrx_word' id='word_1_20' title='bbox 1465 586 1671 645; x_wconf 88' lang='lat' dir='ltr'>omnia</span> <span class='ocrx_word' id='word_1_21' title='bbox 1713 587 1853 645; x_wconf 90' lang='lat' dir='ltr'>cubi</span> <span class='ocrx_word' id='word_1_22' title='bbox 1899 586 2128 651; x_wconf 88' lang='lat' dir='ltr'>latera;</span> <span class='ocrx_word' id='word_1_23' title='bbox 2171 593 2237 644; x_wconf 87' lang='lat' dir='ltr'>et</span> 
     </span>
     <span class='ocr_line' id='line_1_6' title="bbox 506 678 2234 758; baseline 0.002 -25"><span class='ocrx_word' id='word_1_24' title='bbox 506 683 831 754; x_wconf 90' lang='lat' dir='ltr'>propterea</span> <span class='ocrx_word' id='word_1_25' title='bbox 876 678 1128 755; x_wconf 89' lang='lat' dir='ltr'>sphaerae</span> <span class='ocrx_word' id='word_1_26' title='bbox 1172 680 1669 758; x_wconf 86' lang='lat' dir='ltr'>circumscriptus</span> <span class='ocrx_word' id='word_1_27' title='bbox 1706 680 1840 738; x_wconf 91' lang='lat' dir='ltr'>erit.</span> <span class='ocrx_word' id='word_1_28' title='bbox 1929 678 2234 739; x_wconf 75' lang='lat' dir='ltr'>Quoniam</span> 
     </span>
     <span class='ocr_line' id='line_1_7' title="bbox 507 769 2236 851; baseline 0.002 -24"><span class='ocrx_word' id='word_1_29' title='bbox 507 778 712 828; x_wconf 93' lang='lat' dir='ltr'>autem</span> <span class='ocrx_word' id='word_1_30' title='bbox 752 769 914 830; x_wconf 90' lang='lat' dir='ltr'>latus</span> <span class='ocrx_word' id='word_1_31' title='bbox 956 772 1096 831; x_wconf 92' lang='lat' dir='ltr'>cubi</span> <span class='ocrx_word' id='word_1_32' title='bbox 1139 773 1582 850; x_wconf 84' lang='lat' dir='ltr'>circumscripti</span> <span class='ocrx_word' id='word_1_33' title='bbox 1611 773 1719 831; x_wconf 91' lang='lat' dir='ltr'>AB</span> <span class='ocrx_word' id='word_1_34' title='bbox 1749 782 1955 851; x_wconf 89' lang='lat' dir='ltr'>potest</span> <span class='ocrx_word' id='word_1_35' title='bbox 1983 772 2236 850; x_wconf 90' lang='lat' dir='ltr'>triplum</span> 
     </span>
     <span class='ocr_line' id='line_1_8' title="bbox 509 863 2236 943; baseline 0.002 -21"><span class='ocrx_word' id='word_1_36' title='bbox 509 864 638 941; x_wconf 86' lang='lat' dir='ltr'>ejus</span> <span class='ocrx_word' id='word_1_37' title='bbox 669 863 832 941; x_wconf 91' lang='lat' dir='ltr'>quod</span> <span class='ocrx_word' id='word_1_38' title='bbox 869 874 1070 943; x_wconf 89' lang='lat' dir='ltr'>potest</span> <span class='ocrx_word' id='word_1_39' title='bbox 1110 866 1210 925; x_wconf 88' lang='lat' dir='ltr'>CL</span> <span class='ocrx_word' id='word_1_40' title='bbox 1238 866 1335 924; x_wconf 91' lang='lat' dir='ltr'>vel</span> <span class='ocrx_word' id='word_1_41' title='bbox 1366 866 1526 933; x_wconf 85' lang='lat' dir='ltr'>CM;</span> <span class='ocrx_word' id='word_1_42' title='bbox 1570 866 1687 924; x_wconf 92' lang='lat' dir='ltr'>erit</span> <span class='ocrx_word' id='word_1_43' title='bbox 1727 866 1918 925; x_wconf 90' lang='lat' dir='ltr'>cubus</span> <span class='ocrx_word' id='word_1_44' title='bbox 1947 885 1985 925; x_wconf 87' lang='lat' dir='ltr'>a</span> <span class='ocrx_word' id='word_1_45' title='bbox 2013 865 2152 938; x_wconf 87' lang='lat' dir='ltr'>CM,</span> <span class='ocrx_word' id='word_1_46' title='bbox 2182 865 2236 925; x_wconf 91' lang='lat' dir='ltr'>is</span> 
     </span>
     <span class='ocr_line' id='line_1_9' title="bbox 509 957 2234 1039; baseline 0.002 -23"><span class='ocrx_word' id='word_1_47' title='bbox 509 957 615 1036; x_wconf 92' lang='lat' dir='ltr'>qui</span> <span class='ocrx_word' id='word_1_48' title='bbox 643 957 1059 1036; x_wconf 86' lang='lat' dir='ltr'>inscriptibilis</span> <span class='ocrx_word' id='word_1_49' title='bbox 1091 968 1183 1018; x_wconf 91' lang='lat' dir='ltr'>est</span> <span class='ocrx_word' id='word_1_50' title='bbox 1212 959 1409 1018; x_wconf 90' lang='lat' dir='ltr'>eidem</span> <span class='ocrx_word' id='word_1_51' title='bbox 1440 959 1712 1037; x_wconf 88' lang='lat' dir='ltr'>sphaerae,</span> <span class='ocrx_word' id='word_1_52' title='bbox 1736 961 1907 1039; x_wconf 89' lang='lat' dir='ltr'>cujus</span> <span class='ocrx_word' id='word_1_53' title='bbox 1935 961 2234 1020; x_wconf 87' lang='lat' dir='ltr'>maximus</span> 
     </span>
     <span class='ocr_line' id='line_1_10' title="bbox 508 1051 2233 1115; baseline 0.003 -5"><span class='ocrx_word' id='word_1_54' title='bbox 508 1051 770 1112; x_wconf 90' lang='lat' dir='ltr'>circulus</span> <span class='ocrx_word' id='word_1_55' title='bbox 802 1051 1168 1112; x_wconf 84' lang='lat' dir='ltr'>describitur</span> <span class='ocrx_word' id='word_1_56' title='bbox 1198 1053 1645 1113; x_wconf 83' lang='lat' dir='ltr'>semidiametro</span> <span class='ocrx_word' id='word_1_57' title='bbox 1665 1054 1764 1113; x_wconf 87' lang='lat' dir='ltr'>IE.</span> <span class='ocrx_word' id='word_1_58' title='bbox 1839 1055 2233 1115; x_wconf 87' lang='lat' dir='ltr'>Demonstra-</span> 
     </span>
     <span class='ocr_line' id='line_1_11' title="bbox 507 1147 1968 1227; baseline 0.002 -23"><span class='ocrx_word' id='word_1_59' title='bbox 507 1154 609 1204; x_wconf 94' lang='lat' dir='ltr'>tur</span> <span class='ocrx_word' id='word_1_60' title='bbox 639 1155 841 1205; x_wconf 89' lang='lat' dir='ltr'>autem</span> <span class='ocrx_word' id='word_1_61' title='bbox 871 1147 948 1205; x_wconf 92' lang='lat' dir='ltr'>ab</span> <span class='ocrx_word' id='word_1_62' title='bbox 982 1147 1256 1219; x_wconf 82' lang='lat' dir='ltr'>Euclide,</span> <span class='ocrx_word' id='word_1_63' title='bbox 1286 1147 1476 1206; x_wconf 92' lang='lat' dir='ltr'>Elem.</span> <span class='ocrx_word' id='word_1_64' title='bbox 1507 1147 1634 1206; x_wconf 89' lang='lat' dir='ltr'>xiii.</span> <span class='ocrx_word' id='word_1_65' title='bbox 1664 1168 1835 1227; x_wconf 91' lang='lat' dir='ltr'>prop.</span> <span class='ocrx_word' id='word_1_66' title='bbox 1877 1156 1968 1208; x_wconf 91' lang='lat'>15.</span> 
     </span>
    </p>

    <p class='ocr_par' dir='ltr' id='par_1_5' title="bbox 506 1239 2236 1788">
     <span class='ocr_line' id='line_1_12' title="bbox 597 1239 2236 1319; baseline 0.002 -22"><span class='ocrx_word' id='word_1_67' title='bbox 597 1239 828 1299; x_wconf 77' lang='lat' dir='ltr'>Coroll.</span> <span class='ocrx_word' id='word_1_68' title='bbox 893 1241 1178 1319; x_wconf 86' lang='lat' dir='ltr'>Sequitur</span> <span class='ocrx_word' id='word_1_69' title='bbox 1235 1240 1378 1300; x_wconf 88' lang='lat' dir='ltr'>hinc</span> <span class='ocrx_word' id='word_1_70' title='bbox 1430 1241 1677 1300; x_wconf 88' lang='lat' dir='ltr'>ductam</span> <span class='ocrx_word' id='word_1_71' title='bbox 1727 1241 1841 1300; x_wconf 93' lang='lat' dir='ltr'>NL</span> <span class='ocrx_word' id='word_1_72' title='bbox 1897 1261 2026 1301; x_wconf 92' lang='lat' dir='ltr'>esse</span> <span class='ocrx_word' id='word_1_73' title='bbox 2074 1241 2236 1301; x_wconf 88' lang='lat' dir='ltr'>latus</span> 
     </span>
     <span class='ocr_line' id='line_1_13' title="bbox 506 1334 2236 1414; baseline 0.001 -20"><span class='ocrx_word' id='word_1_74' title='bbox 506 1334 841 1394; x_wconf 90' lang='lat' dir='ltr'>tetrahedri</span> <span class='ocrx_word' id='word_1_75' title='bbox 891 1335 954 1393; x_wconf 91' lang='lat' dir='ltr'>in</span> <span class='ocrx_word' id='word_1_76' title='bbox 1000 1335 1213 1394; x_wconf 88' lang='lat' dir='ltr'>eadem</span> <span class='ocrx_word' id='word_1_77' title='bbox 1265 1335 1503 1413; x_wconf 79' lang='lat' dir='ltr'>sphaera</span> <span class='ocrx_word' id='word_1_78' title='bbox 1549 1336 1846 1414; x_wconf 90' lang='lat' dir='ltr'>inscripti.</span> <span class='ocrx_word' id='word_1_79' title='bbox 1955 1335 2236 1395; x_wconf 89' lang='lat' dir='ltr'>Potentia</span> 
     </span>
     <span class='ocr_line' id='line_1_14' title="bbox 508 1428 2236 1508; baseline 0.002 -22"><span class='ocrx_word' id='word_1_80' title='bbox 508 1428 670 1487; x_wconf 91' lang='lat' dir='ltr'>enim</span> <span class='ocrx_word' id='word_1_81' title='bbox 699 1437 883 1487; x_wconf 82' lang='lat' dir='ltr'>rectae</span> <span class='ocrx_word' id='word_1_82' title='bbox 913 1429 1026 1487; x_wconf 92' lang='lat' dir='ltr'>NL</span> <span class='ocrx_word' id='word_1_83' title='bbox 1057 1428 1241 1506; x_wconf 91' lang='lat' dir='ltr'>dupla</span> <span class='ocrx_word' id='word_1_84' title='bbox 1280 1437 1369 1487; x_wconf 89' lang='lat' dir='ltr'>est</span> <span class='ocrx_word' id='word_1_85' title='bbox 1407 1429 1698 1507; x_wconf 82' lang='lat' dir='ltr'>potentiae</span> <span class='ocrx_word' id='word_1_86' title='bbox 1729 1429 1829 1488; x_wconf 86' lang='lat' dir='ltr'>CL</span> <span class='ocrx_word' id='word_1_87' title='bbox 1856 1456 1870 1498; x_wconf 92' lang='lat'>;</span> <span class='ocrx_word' id='word_1_88' title='bbox 1915 1449 2104 1508; x_wconf 88' lang='lat' dir='ltr'>quare</span> <span class='ocrx_word' id='word_1_89' title='bbox 2131 1449 2236 1508; x_wconf 90' lang='lat' dir='ltr'>po-</span> 
     </span>
     <span class='ocr_line' id='line_1_15' title="bbox 506 1521 2236 1602; baseline 0.002 -22"><span class='ocrx_word' id='word_1_90' title='bbox 506 1522 700 1580; x_wconf 90' lang='lat' dir='ltr'>tentia</span> <span class='ocrx_word' id='word_1_91' title='bbox 731 1522 833 1580; x_wconf 90' lang='lat' dir='ltr'>BC</span> <span class='ocrx_word' id='word_1_92' title='bbox 880 1521 1171 1600; x_wconf 81' lang='lat' dir='ltr'>potentiae</span> <span class='ocrx_word' id='word_1_93' title='bbox 1218 1521 1488 1599; x_wconf 92' lang='lat' dir='ltr'>ejusdem</span> <span class='ocrx_word' id='word_1_94' title='bbox 1521 1521 1634 1581; x_wconf 95' lang='lat' dir='ltr'>NL</span> <span class='ocrx_word' id='word_1_95' title='bbox 1663 1532 1756 1581; x_wconf 89' lang='lat' dir='ltr'>est</span> <span class='ocrx_word' id='word_1_96' title='bbox 1801 1523 2236 1602; x_wconf 89' lang='lat' dir='ltr'>sesquialtera;</span> 
     </span>
     <span class='ocr_line' id='line_1_16' title="bbox 508 1615 2235 1693; baseline 0.003 -20"><span class='ocrx_word' id='word_1_97' title='bbox 508 1624 569 1674; x_wconf 91' lang='lat' dir='ltr'>et</span> <span class='ocrx_word' id='word_1_98' title='bbox 618 1615 893 1693; x_wconf 82' lang='lat' dir='ltr'>proinde,</span> <span class='ocrx_word' id='word_1_99' title='bbox 924 1635 1033 1693; x_wconf 89' lang='lat' dir='ltr'>per</span> <span class='ocrx_word' id='word_1_100' title='bbox 1062 1615 1254 1674; x_wconf 92' lang='lat' dir='ltr'>Elem.</span> <span class='ocrx_word' id='word_1_101' title='bbox 1286 1615 1411 1674; x_wconf 86' lang='lat' dir='ltr'>xiii.</span> <span class='ocrx_word' id='word_1_102' title='bbox 1455 1623 1547 1688; x_wconf 91' lang='grc'>13,</span> <span class='ocrx_word' id='word_1_103' title='bbox 1582 1615 1696 1675; x_wconf 91' lang='lat' dir='ltr'>erit</span> <span class='ocrx_word' id='word_1_104' title='bbox 1739 1625 1907 1676; x_wconf 92' lang='lat' dir='ltr'>recta</span> <span class='ocrx_word' id='word_1_105' title='bbox 1936 1617 2048 1678; x_wconf 94' lang='lat' dir='ltr'>NL</span> <span class='ocrx_word' id='word_1_106' title='bbox 2076 1617 2235 1678; x_wconf 89' lang='lat' dir='ltr'>latus</span> 
     </span>
     <span class='ocr_line' id='line_1_17' title="bbox 506 1708 1681 1788; baseline 0.001 -20"><span class='ocrx_word' id='word_1_107' title='bbox 506 1708 841 1769; x_wconf 88' lang='lat' dir='ltr'>tetrahedri</span> <span class='ocrx_word' id='word_1_108' title='bbox 870 1709 1148 1787; x_wconf 90' lang='lat' dir='ltr'>inscripti</span> <span class='ocrx_word' id='word_1_109' title='bbox 1178 1710 1434 1788; x_wconf 81' lang='lat' dir='ltr'>sphaerae</span> <span class='ocrx_word' id='word_1_110' title='bbox 1463 1709 1681 1769; x_wconf 91' lang='lat' dir='ltr'>eidem.</span> 
     </span>
    </p>
   </div>
   <div class='ocr_carea' id='block_1_5' title="bbox 1062 1895 1672 1937">
    <p class='ocr_par' dir='ltr' id='par_1_6' title="bbox 1062 1895 1672 1937">
     <span class='ocr_line' id='line_1_18' title="bbox 1062 1895 1672 1937; baseline 0.002 -2"><span class='ocrx_word' id='word_1_111' title='bbox 1062 1895 1476 1937; x_wconf 87' lang='lat' dir='ltr'>PROPOSITIO</span> <span class='ocrx_word' id='word_1_112' title='bbox 1510 1896 1672 1937; x_wconf 88' lang='lat' dir='ltr'>XIII.</span> 
     </span>
    </p>
   </div>
   <div class='ocr_carea' id='block_1_6' title="bbox 506 1992 2237 2729">
    <p class='ocr_par' dir='ltr' id='par_1_7' title="bbox 506 1992 2237 2147">
     <span class='ocr_line' id='line_1_19' title="bbox 593 1992 2237 2073; baseline 0.002 -22"><span class='ocrx_word' id='word_1_113' title='bbox 593 1993 801 2052; x_wconf 86' lang='lat' dir='ltr'>Rectae</span> <span class='ocrx_word' id='word_1_114' title='bbox 831 1992 959 2064; x_wconf 92' lang='lat' dir='ltr'>AB,</span> <span class='ocrx_word' id='word_1_115' title='bbox 990 1992 1121 2072; x_wconf 89' lang='lat' dir='ltr'>Ag,</span> <span class='ocrx_word' id='word_1_116' title='bbox 1152 1992 1285 2065; x_wconf 89' lang='lat' dir='ltr'>AR,</span> <span class='ocrx_word' id='word_1_117' title='bbox 1317 1992 1427 2052; x_wconf 89' lang='lat' dir='ltr'>AG</span> <span class='ocrx_word' id='word_1_118' title='bbox 1467 2002 1608 2052; x_wconf 91' lang='lat' dir='ltr'>sunt</span> <span class='ocrx_word' id='word_1_119' title='bbox 1652 1992 1938 2052; x_wconf 90' lang='lat' dir='ltr'>continue</span> <span class='ocrx_word' id='word_1_120' title='bbox 1979 2012 2237 2073; x_wconf 89' lang='lat' dir='ltr'>propor-</span> 
     </span>
     <span class='ocr_line' id='line_1_20' title="bbox 506 2087 784 2147; baseline 0.004 -1"><span class='ocrx_word' id='word_1_121' title='bbox 506 2087 784 2147; x_wconf 86' lang='lat' dir='ltr'>tionales.</span> 
     </span>
    </p>

    <p class='ocr_par' dir='ltr' id='par_1_8' title="bbox 506 2180 2237 2635">
     <span class='ocr_line' id='line_1_21' title="bbox 589 2180 2235 2261; baseline 0.001 -20"><span class='ocrx_word' id='word_1_122' title='bbox 589 2182 916 2241; x_wconf 90' lang='lat' dir='ltr'>Ostensum</span> <span class='ocrx_word' id='word_1_123' title='bbox 947 2182 1109 2241; x_wconf 91' lang='lat' dir='ltr'>enim</span> <span class='ocrx_word' id='word_1_124' title='bbox 1141 2190 1234 2240; x_wconf 89' lang='lat' dir='ltr'>est</span> <span class='ocrx_word' id='word_1_125' title='bbox 1269 2180 1468 2260; x_wconf 92' lang='lat' dir='ltr'>(prop.</span> <span class='ocrx_word' id='word_1_126' title='bbox 1494 2182 1558 2258; x_wconf 89' lang='lat'>7)</span> <span class='ocrx_word' id='word_1_127' title='bbox 1593 2188 1791 2240; x_wconf 90' lang='lat' dir='ltr'>rectas</span> <span class='ocrx_word' id='word_1_128' title='bbox 1817 2181 1932 2261; x_wconf 84' lang='lat' dir='ltr'>gd,</span> <span class='ocrx_word' id='word_1_129' title='bbox 1967 2181 2093 2250; x_wconf 59' lang='lat' dir='ltr'>GP,</span> <span class='ocrx_word' id='word_1_130' title='bbox 2123 2181 2235 2242; x_wconf 86' lang='lat' dir='ltr'>Ro</span> 
     </span>
     <span class='ocr_line' id='line_1_22' title="bbox 506 2275 2237 2354; baseline 0 -20"><span class='ocrx_word' id='word_1_131' title='bbox 506 2295 634 2334; x_wconf 88' lang='lat' dir='ltr'>esse</span> <span class='ocrx_word' id='word_1_132' title='bbox 666 2277 952 2335; x_wconf 89' lang='lat' dir='ltr'>continue</span> <span class='ocrx_word' id='word_1_133' title='bbox 981 2275 1490 2354; x_wconf 77' lang='lat' dir='ltr'>proportionales,</span> <span class='ocrx_word' id='word_1_134' title='bbox 1578 2275 1908 2334; x_wconf 89' lang='lat' dir='ltr'>Ostensum</span> <span class='ocrx_word' id='word_1_135' title='bbox 1936 2275 2119 2334; x_wconf 89' lang='lat' dir='ltr'>etiam</span> <span class='ocrx_word' id='word_1_136' title='bbox 2143 2284 2237 2334; x_wconf 87' lang='lat' dir='ltr'>est</span> 
     </span>
     <span class='ocr_line' id='line_1_23' title="bbox 511 2369 2235 2449; baseline 0.001 -22"><span class='ocrx_word' id='word_1_137' title='bbox 511 2375 708 2448; x_wconf 92' lang='lat' dir='ltr'>(prop.</span> <span class='ocrx_word' id='word_1_138' title='bbox 743 2369 805 2446; x_wconf 87' lang='grc'>8)</span> <span class='ocrx_word' id='word_1_139' title='bbox 852 2389 984 2428; x_wconf 90' lang='lat' dir='ltr'>esse</span> <span class='ocrx_word' id='word_1_140' title='bbox 1024 2380 1095 2428; x_wconf 93' lang='lat' dir='ltr'>ut</span> <span class='ocrx_word' id='word_1_141' title='bbox 1126 2369 1229 2427; x_wconf 86' lang='lat' dir='ltr'>BC</span> <span class='ocrx_word' id='word_1_142' title='bbox 1259 2369 1338 2428; x_wconf 91' lang='lat' dir='ltr'>ad</span> <span class='ocrx_word' id='word_1_143' title='bbox 1361 2369 1484 2449; x_wconf 84' lang='lat' dir='ltr'>gd,</span> <span class='ocrx_word' id='word_1_144' title='bbox 1514 2369 1601 2427; x_wconf 87' lang='lat' dir='ltr'>ita</span> <span class='ocrx_word' id='word_1_145' title='bbox 1624 2369 1735 2428; x_wconf 89' lang='lat' dir='ltr'>RO</span> <span class='ocrx_word' id='word_1_146' title='bbox 1767 2369 1845 2428; x_wconf 93' lang='lat' dir='ltr'>ad</span> <span class='ocrx_word' id='word_1_147' title='bbox 1869 2369 1952 2429; x_wconf 90' lang='lat' dir='ltr'>GI</span> <span class='ocrx_word' id='word_1_148' title='bbox 1982 2369 2077 2428; x_wconf 89' lang='lat' dir='ltr'>vel</span> <span class='ocrx_word' id='word_1_149' title='bbox 2105 2369 2235 2429; x_wconf 88' lang='lat' dir='ltr'>AG.</span> 
     </span>
     <span class='ocr_line' id='line_1_24' title="bbox 509 2462 2235 2542; baseline 0.001 -21"><span class='ocrx_word' id='word_1_150' title='bbox 509 2464 664 2522; x_wconf 83' lang='lat' dir='ltr'>Sunt</span> <span class='ocrx_word' id='word_1_151' title='bbox 716 2483 859 2541; x_wconf 80' lang='lat' dir='ltr'>ergo</span> <span class='ocrx_word' id='word_1_152' title='bbox 912 2473 1173 2541; x_wconf 85' lang='lat' dir='ltr'>quatuor</span> <span class='ocrx_word' id='word_1_153' title='bbox 1223 2473 1408 2522; x_wconf 88' lang='lat' dir='ltr'>rectae</span> <span class='ocrx_word' id='word_1_154' title='bbox 1439 2462 1567 2534; x_wconf 91' lang='lat' dir='ltr'>AB,</span> <span class='ocrx_word' id='word_1_155' title='bbox 1601 2463 1733 2542; x_wconf 89' lang='lat' dir='ltr'>Ag,</span> <span class='ocrx_word' id='word_1_156' title='bbox 1764 2463 1897 2537; x_wconf 87' lang='lat' dir='ltr'>AR,</span> <span class='ocrx_word' id='word_1_157' title='bbox 1936 2462 2047 2522; x_wconf 88' lang='lat' dir='ltr'>AG</span> <span class='ocrx_word' id='word_1_158' title='bbox 2089 2482 2235 2522; x_wconf 89' lang='lat' dir='ltr'>con-</span> 
     </span>
     <span class='ocr_line' id='line_1_25' title="bbox 507 2557 1213 2635; baseline 0 -20"><span class='ocrx_word' id='word_1_159' title='bbox 507 2557 677 2616; x_wconf 87' lang='lat' dir='ltr'>tinue</span> <span class='ocrx_word' id='word_1_160' title='bbox 704 2557 1213 2635; x_wconf 89' lang='lat' dir='ltr'>proportionales.</span> 
     </span>
    </p>

    <p class='ocr_par' dir='ltr' id='par_1_9' title="bbox 598 2650 2235 2729">
     <span class='ocr_line' id='line_1_26' title="bbox 598 2650 2235 2729; baseline 0.001 -21"><span class='ocrx_word' id='word_1_161' title='bbox 598 2650 831 2710; x_wconf 83' lang='lat' dir='ltr'>Coroll.</span> <span class='ocrx_word' id='word_1_162' title='bbox 879 2652 1168 2729; x_wconf 83' lang='lat' dir='ltr'>Sequitur</span> <span class='ocrx_word' id='word_1_163' title='bbox 1190 2651 1335 2709; x_wconf 90' lang='lat' dir='ltr'>hinc</span> <span class='ocrx_word' id='word_1_164' title='bbox 1366 2650 1589 2708; x_wconf 89' lang='lat' dir='ltr'>cubum</span> <span class='ocrx_word' id='word_1_165' title='bbox 1619 2670 1654 2709; x_wconf 91' lang='lat' dir='ltr'>a</span> <span class='ocrx_word' id='word_1_166' title='bbox 1685 2650 1795 2709; x_wconf 89' lang='lat' dir='ltr'>BC</span> <span class='ocrx_word' id='word_1_167' title='bbox 1825 2650 2078 2729; x_wconf 91' lang='lat' dir='ltr'>duplum</span> <span class='ocrx_word' id='word_1_168' title='bbox 2106 2671 2235 2711; x_wconf 90' lang='lat' dir='ltr'>esse</span> 
     </span>
    </p>
   </div>
   <div class='ocr_carea' id='block_1_7' title="bbox 508 2744 2237 2916">
    <p class='ocr_par' dir='ltr' id='par_1_10' title="bbox 508 2744 2237 2916">
     <span class='ocr_line' id='line_1_27' title="bbox 509 2744 2237 2826; baseline 0 -22"><span class='ocrx_word' id='word_1_169' title='bbox 509 2745 649 2804; x_wconf 92' lang='lat' dir='ltr'>cubi</span> <span class='ocrx_word' id='word_1_170' title='bbox 692 2746 767 2804; x_wconf 88' lang='lat' dir='ltr'>ab</span> <span class='ocrx_word' id='word_1_171' title='bbox 800 2746 950 2826; x_wconf 90' lang='lat' dir='ltr'>Ag;</span> <span class='ocrx_word' id='word_1_172' title='bbox 997 2756 1057 2805; x_wconf 92' lang='lat' dir='ltr'>et</span> <span class='ocrx_word' id='word_1_173' title='bbox 1106 2746 1329 2804; x_wconf 90' lang='lat' dir='ltr'>cubum</span> <span class='ocrx_word' id='word_1_174' title='bbox 1372 2745 1447 2803; x_wconf 91' lang='lat' dir='ltr'>ab</span> <span class='ocrx_word' id='word_1_175' title='bbox 1477 2745 1591 2823; x_wconf 92' lang='lat' dir='ltr'>Ag</span> <span class='ocrx_word' id='word_1_176' title='bbox 1620 2744 1872 2823; x_wconf 92' lang='lat' dir='ltr'>duplum</span> <span class='ocrx_word' id='word_1_177' title='bbox 1922 2764 2051 2804; x_wconf 91' lang='lat' dir='ltr'>esse</span> <span class='ocrx_word' id='word_1_178' title='bbox 2095 2745 2237 2804; x_wconf 90' lang='lat' dir='ltr'>cubi</span> 
     </span>
     <span class='ocr_line' id='line_1_28' title="bbox 508 2837 2235 2916; baseline 0.001 -18"><span class='ocrx_word' id='word_1_179' title='bbox 508 2840 583 2898; x_wconf 88' lang='lat' dir='ltr'>ab</span> <span class='ocrx_word' id='word_1_180' title='bbox 615 2839 746 2907; x_wconf 87' lang='lat' dir='ltr'>AR,</span> <span class='ocrx_word' id='word_1_181' title='bbox 778 2849 840 2898; x_wconf 89' lang='lat' dir='ltr'>et</span> <span class='ocrx_word' id='word_1_182' title='bbox 870 2841 1093 2898; x_wconf 91' lang='lat' dir='ltr'>cubum</span> <span class='ocrx_word' id='word_1_183' title='bbox 1123 2839 1198 2897; x_wconf 92' lang='lat' dir='ltr'>ab</span> <span class='ocrx_word' id='word_1_184' title='bbox 1229 2839 1343 2897; x_wconf 91' lang='lat' dir='ltr'>AR</span> <span class='ocrx_word' id='word_1_185' title='bbox 1372 2837 1623 2916; x_wconf 91' lang='lat' dir='ltr'>duplum</span> <span class='ocrx_word' id='word_1_186' title='bbox 1659 2858 1787 2898; x_wconf 88' lang='lat' dir='ltr'>esse</span> <span class='ocrx_word' id='word_1_187' title='bbox 1831 2839 1970 2899; x_wconf 91' lang='lat' dir='ltr'>cubi</span> <span class='ocrx_word' id='word_1_188' title='bbox 1999 2839 2074 2899; x_wconf 90' lang='lat' dir='ltr'>ab</span> <span class='ocrx_word' id='word_1_189' title='bbox 2105 2839 2235 2899; x_wconf 89' lang='lat' dir='ltr'>AG.</span> 
     </span>
    </p>
   </div>
   <div class='ocr_carea' id='block_1_8' title="bbox 1074 3023 1667 3066">
    <p class='ocr_par' dir='ltr' id='par_1_11' title="bbox 1074 3023 1667 3066">
     <span class='ocr_line' id='line_1_29' title="bbox 1074 3023 1667 3066; baseline 0 -2"><span class='ocrx_word' id='word_1_190' title='bbox 1074 3023 1487 3064; x_wconf 84' lang='lat' dir='ltr'>PROPOSITIO</span> <span class='ocrx_word' id='word_1_191' title='bbox 1521 3025 1667 3066; x_wconf 91' lang='lat' dir='ltr'>XIV.</span> 
     </span>
    </p>
   </div>
   <div class='ocr_carea' id='block_1_9' title="bbox 508 3120 2241 3576">
    <p class='ocr_par' dir='ltr' id='par_1_12' title="bbox 508 3120 2241 3576">
     <span class='ocr_line' id='line_1_30' title="bbox 593 3120 2241 3201; baseline 0.001 -22"><span class='ocrx_word' id='word_1_192' title='bbox 593 3121 985 3199; x_wconf 86' lang='lat' dir='ltr'>Compleatur</span> <span class='ocrx_word' id='word_1_193' title='bbox 1015 3120 1378 3200; x_wconf 87' lang='lat' dir='ltr'>quadratum</span> <span class='ocrx_word' id='word_1_194' title='bbox 1410 3121 1462 3179; x_wconf 94' lang='lat' dir='ltr'>A</span> <span class='ocrx_word' id='word_1_195' title='bbox 1469 3121 1634 3201; x_wconf 75' lang='lat' dir='ltr'>gdz,</span> <span class='ocrx_word' id='word_1_196' title='bbox 1667 3132 1728 3180; x_wconf 93' lang='lat' dir='ltr'>et</span> <span class='ocrx_word' id='word_1_197' title='bbox 1750 3121 2128 3200; x_wconf 87' lang='lat' dir='ltr'>producatur</span> <span class='ocrx_word' id='word_1_198' title='bbox 2150 3121 2241 3181; x_wconf 59' lang='grc' dir='ltr'><em>κά</em></span> 
     </span>
     <span class='ocr_line' id='line_1_31' title="bbox 509 3214 2236 3294; baseline -0.001 -18"><span class='ocrx_word' id='word_1_199' title='bbox 509 3216 588 3276; x_wconf 87' lang='lat' dir='ltr'>ad</span> <span class='ocrx_word' id='word_1_200' title='bbox 618 3215 721 3274; x_wconf 83' lang='lat' dir='ltr'>BC</span> <span class='ocrx_word' id='word_1_201' title='bbox 742 3215 806 3273; x_wconf 89' lang='lat' dir='ltr'>in</span> <span class='ocrx_word' id='word_1_202' title='bbox 826 3243 864 3272; x_wconf 87' lang='grc' dir='ltr'>π</span> <span class='ocrx_word' id='word_1_203' title='bbox 890 3240 904 3282; x_wconf 90' lang='grc'>;</span> <span class='ocrx_word' id='word_1_204' title='bbox 949 3214 1440 3292; x_wconf 90' lang='lat' dir='ltr'>producaturque</span> <span class='ocrx_word' id='word_1_205' title='bbox 1461 3215 1572 3294; x_wconf 82' lang='lat' dir='ltr'>gd</span> <span class='ocrx_word' id='word_1_206' title='bbox 1595 3215 1674 3274; x_wconf 89' lang='lat' dir='ltr'>ad</span> <span class='ocrx_word' id='word_1_207' title='bbox 1696 3216 1804 3274; x_wconf 88' lang='lat' dir='ltr'>DC</span> <span class='ocrx_word' id='word_1_208' title='bbox 1826 3216 1889 3274; x_wconf 92' lang='lat' dir='ltr'>in</span> <span class='ocrx_word' id='word_1_209' title='bbox 1909 3218 1957 3287; x_wconf 73' lang='grc' dir='ltr'>ἔ,</span> <span class='ocrx_word' id='word_1_210' title='bbox 1990 3225 2053 3274; x_wconf 89' lang='lat' dir='ltr'>et</span> <span class='ocrx_word' id='word_1_211' title='bbox 2074 3215 2236 3274; x_wconf 88' lang='lat' dir='ltr'>inter</span> 
     </span>
     <span class='ocr_line' id='line_1_32' title="bbox 511 3309 2236 3388; baseline -0.001 -18"><span class='ocrx_word' id='word_1_212' title='bbox 511 3311 618 3371; x_wconf 89' lang='lat' dir='ltr'>DC</span> <span class='ocrx_word' id='word_1_213' title='bbox 654 3319 715 3369; x_wconf 90' lang='lat' dir='ltr'>et</span> <span class='ocrx_word' id='word_1_214' title='bbox 757 3309 855 3374; x_wconf 56' lang='lat' dir='ltr'>D&amp;</span> <span class='ocrx_word' id='word_1_215' title='bbox 898 3317 1172 3368; x_wconf 90' lang='lat' dir='ltr'>sumatur</span> <span class='ocrx_word' id='word_1_216' title='bbox 1222 3310 1422 3368; x_wconf 90' lang='lat' dir='ltr'>media</span> <span class='ocrx_word' id='word_1_217' title='bbox 1470 3310 1936 3388; x_wconf 88' lang='lat' dir='ltr'>proportionalis</span> <span class='ocrx_word' id='word_1_218' title='bbox 1979 3309 2127 3377; x_wconf 75' lang='lat' dir='ltr'>Dw;</span> <span class='ocrx_word' id='word_1_219' title='bbox 2173 3317 2236 3369; x_wconf 92' lang='lat' dir='ltr'>et</span> 
     </span>
     <span class='ocr_line' id='line_1_33' title="bbox 511 3403 2233 3483; baseline -0.001 -19"><span class='ocrx_word' id='word_1_220' title='bbox 511 3406 628 3464; x_wconf 90' lang='lat' dir='ltr'>erit</span> <span class='ocrx_word' id='word_1_221' title='bbox 684 3403 1046 3483; x_wconf 88' lang='lat' dir='ltr'>quadratum</span> <span class='ocrx_word' id='word_1_222' title='bbox 1112 3424 1148 3462; x_wconf 90' lang='lat' dir='ltr'>a</span> <span class='ocrx_word' id='word_1_223' title='bbox 1198 3404 1296 3462; x_wconf 69' lang='lat' dir='ltr'>Dm</span> <span class='ocrx_word' id='word_1_224' title='bbox 1354 3405 1585 3483; x_wconf 81' lang='lat' dir='ltr'>aequale</span> <span class='ocrx_word' id='word_1_225' title='bbox 1645 3404 1872 3463; x_wconf 91' lang='lat' dir='ltr'>circulo</span> <span class='ocrx_word' id='word_1_226' title='bbox 1927 3403 2233 3481; x_wconf 92' lang='lat' dir='ltr'>descripto</span> 
     </span>
     <span class='ocr_line' id='line_1_34' title="bbox 508 3497 2233 3576; baseline -0.001 -18"><span class='ocrx_word' id='word_1_227' title='bbox 508 3499 954 3558; x_wconf 87' lang='lat' dir='ltr'>semidiametro</span> <span class='ocrx_word' id='word_1_228' title='bbox 986 3497 1095 3557; x_wconf 92' lang='lat' dir='ltr'>AG</span> <span class='ocrx_word' id='word_1_229' title='bbox 1120 3498 1214 3557; x_wconf 92' lang='lat' dir='ltr'>vel</span> <span class='ocrx_word' id='word_1_230' title='bbox 1246 3499 1359 3557; x_wconf 88' lang='lat' dir='ltr'>IH.</span> <span class='ocrx_word' id='word_1_231' title='bbox 1456 3499 1565 3559; x_wconf 84' lang='lat' dir='ltr'>Est</span> <span class='ocrx_word' id='word_1_232' title='bbox 1612 3498 1774 3558; x_wconf 88' lang='lat' dir='ltr'>enim</span> <span class='ocrx_word' id='word_1_233' title='bbox 1822 3499 1942 3558; x_wconf 92' lang='grc' dir='ltr'>ΒΜ</span> <span class='ocrx_word' id='word_1_234' title='bbox 1984 3497 2233 3576; x_wconf 89' lang='lat' dir='ltr'>aequalis</span> 
     </span>
    </p>
   </div>
  </div>
 </body>
</html>
