2462 4120
258 2872 547 2904 CONSTRUC·

351 2940 445 2971 ΤῙΟ.

278 2997 515 3025 ὶ-Ὓ-κ

593 334 718 388 ,360
1057 351 1520 394 PROBLEMATA
1555 354 1866 396 PHYSICA.

597 723 1241 785 PROPOSITIONES
1317 726 1465 785 XVI
1541 727 1648 786 DE
1729 725 2323 786 MAGNITUDINE

1281 851 1638 911 CIRCULI.

695 1162 787 1202 AD
841 1161 1211 1203 LECTOREM
1254 1160 1762 1203 CYCLOMETRIAE
1807 1161 2216 1204 STUDIOSUM

1150 1265 1761 1307 PRAEFATIUNCULA.

591 1373 696 1432 NE
759 1373 1150 1434 multitudine
1208 1373 1507 1431 linearum
1559 1372 1622 1430 in
1684 1372 2122 1451 diagrammate
2161 1393 2198 1432 a
2235 1371 2322 1431 le-

590 1467 793 1546 gendo
835 1467 1198 1540 deterream,
1230 1466 1569 1526 monendus
1610 1487 1692 1539 eS,
1724 1467 2026 1526 rationem
2063 1466 2322 1526 circum-

590 1562 868 1621 ferentiae
910 1562 1122 1621 circuli
1169 1562 1247 1621 ad
1287 1562 1652 1621 diametrum
1683 1561 2161 1620 demonstratam
2190 1580 2322 1620 esse

591 1675 627 1715 a
673 1657 1126 1716 constructione
1177 1655 1394 1734 prima,
1445 1664 1763 1714 constante
1812 1675 1887 1714 ex
1945 1655 2122 1715 lineis
2152 1654 2320 1714 'satis

589 1751 819 1828 pauciS‚
857 1759 917 1809 et
956 1750 1133 1809 facile
1175 1749 1641 1828 distinguendis.
1731 1749 1939 1808 Habes
1979 1769 2124 1827 ergo
2157 1748 2322 1828 quod

587 1846 892 1924 promittit
922 1845 1156 1916 titulus,
1187 1844 1252 1903 in
1284 1844 1517 1903 duabus
1556 1843 1766 1922 primis
1802 1842 2320 1921 propositionibus

587 1939 765 2018 plene
795 1939 1154 2018 praestitum.
1245 1938 1309 1997 Si
1332 1947 1539 1996 tamen
1561 1937 2044 2016 propositionum
2069 1945 2322 1996 caetera-

587 2054 724 2093 rum
752 2033 1167 2113 pulchritudO,
1191 2043 1263 2092 ut
1290 2033 1531 2091 illarum
1563 2033 1747 2091 etiam
1772 2031 2321 2091 demonstrationes

587 2127 792 2206 legere
823 2137 884 2187 et
913 2128 1260 2187 examinare
1292 2127 1460 2199 veliS‚
1499 2126 1770 2197 suadeat,
1802 2146 1839 2184 a
1867 2125 2041 2184 lineis
2072 2123 2322 2204 reliq'uis

589 2222 887 2281 minorem
933 2222 1181 2281 habebis
1226 2221 1606 2280 molestiam:
1653 2229 1715 2280 et
1746 2229 1975 2298 quanto
2014 2220 2151 2298 plus
2180 2239 2320 2298 pro-

588 2316 904 2394 gredieris,
929 2325 1102 2376 tanto
1133 2335 1370 2394 semper
1391 2316 1552 2374 viam
1576 2315 1848 2374 invenies
1871 2314 2317 2393 procliviorem.

1167 2710 1648 2753 CONSTRUCTIO
1682 2712 1726 2752 Ι.

587 2841 1084 2900 DEscmBATUR
1117 2839 1479 2917 quadratum
1509 2839 1773 2911 ABCD,
1807 2846 1868 2898 et
1909 2837 2216 2898 dividatur
2252 2836 2316 2896 in

587 2942 849 3013 quatuor
872 2933 1169 3012 quadrata
1197 2933 1454 3011 aequalia
1483 2954 1519 2992 a
1549 2933 1780 2992 duabus
1804 2931 1986 2992 rectis
2015 2932 2142 3004 EF,
2167 2930 2315 3004 GH,

585 3048 649 3087 se
678 3038 891 3087 mutuo
924 3023 1271 3087 secantibus
1301 3028 1363 3086 in
1395 3029 1460 3096 I;
1508 3027 1928 3106 ducanturque
1965 3025 2316 3104 diagonales

582 3122 717 3195 AC,
751 3123 889 3181 BD.
978 3122 1202 3181 Centro
1231 3123 1306 3195 A,
1337 3122 1510 3182 radio
1540 3123 1655 3182 AB
1689 3122 1947 3182 ducatur
1969 3140 2144 3181 arcus
2168 3140 2315 3199 qua-

584 3217 816 3276 drantis
850 3217 986 3289 BD,
1019 3236 1229 3276 secans
1258 3227 1491 3277 rectam
1519 3218 1628 3276 EF
1658 3218 1722 3276 in
1746 3217 1823 3290 Κ,
1845 3225 1906 3276 et
1933 3223 2164 3275 rectam
2187 3213 2312 3273 GH

582 3311 645 3370 in
692 3311 749 3382 k,
796 3322 859 3370 et
911 3310 1027 3370 AC
1078 3311 1141 3369 in
1173 3312 1219 3370 P
1245 3338 1259 3380 ;
1304 3312 1510 3390 itaque
1563 3331 1739 3371 arcus
1788 3310 1904 3370 BD
1952 3317 2150 3368 sectus
2196 3307 2315 3366 erit

583 3405 863 3465 bifariam
913 3404 977 3463 in
1024 3405 1088 3464 P.
1203 3406 1478 3466 Ducatur
1526 3406 1652 3465 DK
1684 3424 1895 3465 secans
1947 3403 2067 3462 AC
2120 3402 2182 3461 in
2235 3401 2312 3473 Ο,

581 3510 643 3559 et
671 3499 1046 3579 producatur
1075 3499 1155 3559 ad
1185 3499 1297 3559 BC
1330 3502 1394 3561 in
1431 3502 1521 3560 M.
1613 3501 1685 3559 In
1731 3499 2031 3578 producta
2071 3496 2184 3556 BC
2213 3515 2313 3555 su-

578 3603 780 3655 matur
811 3594 912 3654 CL
941 3594 1187 3673 aequalis
1218 3595 1358 3656 CM.
1429 3597 1584 3656 Item
1613 3595 1677 3655 in
1707 3594 1816 3655 DC
1851 3601 2125 3654 sumatur
2142 3600 2312 3651 recta
