2462 4120
1169 957 1277 1015 AD
1322 956 1780 1016 LECTOREM.

524 1298 786 1365 QUISQUIS
810 1316 866 1350 es
892 1298 980 1367 qui
1007 1298 1307 1368 Physicam,
1335 1299 1391 1351 id
1425 1304 1522 1363 est,
1566 1299 1842 1352 scientiam
1885 1316 2162 1352 causarum
2204 1304 2418 1352 natura-

520 1395 665 1459 lium,
685 1415 790 1448 non
816 1396 870 1448 in
898 1402 950 1449 te
975 1397 1093 1466 ipso
1119 1397 1327 1467 quaeris,
1356 1399 1449 1450 sed
1475 1398 1529 1449 in
1554 1397 1703 1450 libris
1718 1398 2109 1468 magistrorum,
2130 1398 2420 1450 cavendum

519 1495 619 1548 tibi
645 1503 728 1549 est
753 1516 819 1549 nc
844 1503 940 1550 aut
973 1516 1162 1566 parum
1202 1498 1486 1569 intelligas,
1514 1504 1609 1551 aut
1653 1498 1924 1551 intellecta
1966 1516 2073 1550 non
2115 1502 2260 1550 recte
2299 1516 2419 1567 sup-

517 1599 687 1664 putes.
766 1595 975 1647 Natura
1000 1596 1177 1648 omnia
1201 1615 1296 1666 per
1321 1597 1622 1649 conflictum
1647 1597 1761 1668 agit
1785 1615 2079 1667 corporum,
2097 1603 2272 1649 motus
2298 1615 2419 1649 suos

514 1695 615 1747 sibi
640 1700 824 1748 mutuo
850 1695 1278 1765 imprimentium.
1320 1697 1515 1767 Itaque
1539 1697 1595 1749 in
1620 1697 1867 1750 conflictu
1893 1698 2117 1750 duorum
2141 1715 2420 1767 corporum

515 1801 628 1848 tam
652 1795 933 1848 fluidorum
960 1814 1118 1866 quam
1144 1798 1411 1862 durorum,
1439 1797 1483 1850 si
1527 1798 1794 1868 intelligas
1832 1798 1887 1850 in
1929 1802 2157 1867 utroque
2201 1816 2418 1867 corpore

517 1895 688 1964 qualis
712 1895 810 1947 fiat
833 1900 1025 1958 motuS,
1054 1895 1109 1947 id
1135 1902 1232 1960 est,
1262 1915 1367 1966 qua
1391 1896 1477 1949 via
1513 1902 1568 1949 et
1609 1902 1853 1966 quantus,
1894 1897 1963 1949 ad
2009 1895 2294 1966 Physicam
2332 1915 2418 1949 ac-

515 1996 669 2049 cedes
687 1996 856 2049 lector
881 2015 987 2048 non
1014 1996 1309 2062 inidoneus,
1338 2003 1394 2051 et
1419 2003 1658 2050 motuum
1674 2016 1878 2062 causae,
1898 2003 2042 2051 recte
2060 1999 2417 2068 supputandO,

515 2097 748 2149 invenies
792 2097 982 2150 saltem
1025 2097 1340 2166 probabiles,
1420 2098 1685 2152 Oaeterum
1727 2097 1774 2149 si
1813 2097 2133 2150 dictionibus
2171 2097 2418 2150 inanibus

514 2202 813 2259 contentus,
840 2197 1102 2250 videberis
1129 2197 1227 2250 tibi
1271 2197 1567 2268 intelligere
1607 2215 1723 2267 quae
1764 2196 1988 2267 intelligi
2027 2215 2135 2249 non
2177 2203 2415 2266 possunt,

511 2302 668 2349 tanto
693 2297 895 2350 errabis
919 2297 1104 2367 magis,
1134 2302 1333 2366 quanto
1358 2297 1554 2349 rectius
1579 2297 1979 2349 ratiocinabere.
2032 2295 2100 2348 In
2124 2295 2272 2348 libris
2286 2296 2418 2366 phy-

515 2397 743 2449 sicorum
767 2396 938 2449 multa
963 2402 1246 2449 occurrunt
1272 2415 1386 2466 quae
1411 2397 1529 2466 capi
1555 2415 1661 2448 non
1680 2402 1932 2466 possunt:
1963 2396 2141 2466 qualia
2159 2402 2284 2449 sunt
2300 2415 2416 2466 quae

515 2497 764 2549 dicuntur
789 2497 855 2548 de
879 2496 1234 2549 rarefactione
1260 2502 1315 2549 ct
1340 2496 1770 2561 condensatione,
1799 2497 1865 2549 de
1891 2496 2206 2549 substantiis
2231 2496 2414 2549 imma-

513 2595 807 2656 terialibuS,
837 2595 902 2647 de
928 2594 1188 2658 essentiis,
1216 2600 1272 2648 et
1295 2595 1403 2648 alia
1426 2596 1596 2648 multa
1619 2617 1630 2648 :
1655 2614 1771 2665 quae
1798 2595 1841 2648 si
1868 2596 2127 2648 conabere
2152 2595 2415 2670 explicare

513 2695 687 2748 verbis
711 2693 937 2757 illorum,
965 2693 1179 2763 inepte:
1222 2694 1265 2747 si
1292 2694 1415 2759 tuis,
1444 2694 1575 2748 nihil
1601 2695 1759 2749 dices.
1837 2695 1968 2748 Haec
2010 2694 2244 2748 monitus
2281 2695 2412 2766 lege,

505 2795 705 2865 judica,
733 2794 959 2864 ignosce.
1040 2793 1195 2847 Vale.
