2462 4120
499 384 1211 428 PROPORTIONALlssUS
1246 387 1322 427 IN
1359 388 1664 432 GENERE.
1835 381 1959 435 483

211 532 382 584 recto
411 521 778 602 adjacentia,
809 542 950 582 eum
980 524 1354 585 subtendens
1384 527 1488 587 illa
1517 548 1641 588 non
1672 529 1753 589 sit
1781 529 1961 603 linea,
2021 558 2294 590 APPENDIX.

213 619 324 679 sed
374 618 682 678 minutum
727 617 1149 695 triangulum3
1196 620 1369 698 cujus
1410 622 1460 680 si
1498 633 1797 700 punctum
1827 644 1965 683 ver-
2037 617 2270 642 *W

211 714 394 774 ticale
435 721 829 791 computetur
878 732 991 791 pro
1039 712 1252 787 nihilo,
1289 716 1587 776 terminus
1639 719 1795 778 alter
1845 720 1964 778 erit

214 808 510 888 trianguli
541 808 766 867 minuti
791 808 974 867 basis,

299 904 455 964 Cum
503 903 667 962 enim
710 903 847 962 duae
888 912 1076 962 rectae
1102 902 1231 975 BA,
1265 903 1369 963 BC
1398 915 1695 982 punctum
1735 906 1967 965 habent

212 1018 538 1059 commune
559 998 609 1057 B
635 998 980 1076 quantitate
1011 1017 1226 1057 carens
1250 1023 1264 1067 3
1311 999 1362 1058 si
1387 1000 1462 1057 ab
1489 999 1705 1058 eodem
1734 1011 1965 1078 puncto

214 1096 266 1155 Β
297 1094 560 1154 dueatur
605 1093 790 1153 tertia
830 1107 1003 1153 reeta
1035 1093 1267 1153 faciens
1314 1094 1609 1173 angulum
1641 1114 1966 1172 quemcun-

214 1210 335 1271 que
366 1210 508 1249 cum
540 1188 650 1247 BA
679 1188 777 1247 vel
808 1188 931 1260 BG,
962 1188 1066 1247 illa
1107 1189 1292 1248 tertia
1320 1189 1573 1267 propior
1605 1190 1722 1248 erit
1751 1190 1969 1248 utrivis

214 1286 476 1346 duarum
525 1283 655 1356 BA,
706 1280 831 1356 BG,
888 1303 1073 1362 quam
1123 1283 1320 1343 altera
1367 1303 1578 1343 earum
1629 1284 1806 1342 alteri
1833 1311 1847 1353 ;
1908 1295 1970 1343 et

211 1389 544 1460 propterea
573 1379 826 1438 habebit
863 1378 1047 1439 tertia
1093 1378 1199 1438 illa
1240 1399 1382 1439 oum
1432 1380 1665 1439 utravis
1695 1380 1972 1458 priorum

212 1476 352 1555 plus
405 1494 587 1554 quam
631 1483 932 1552 punctum
982 1493 1330 1547 commune,
1362 1474 1426 1534 id
1458 1484 1551 1534 est
1582 1494 1969 1534 communem

213 1579 474 1650 partem.
544 1569 753 1630 Quare
776 1577 902 1628 tres
919 1568 1040 1628 illae
1060 1579 1246 1629 rectae
1277 1590 1402 1629 una
1433 1570 1766 1650 eademque
1791 1578 1973 1628 erunt

213 1675 403 1726 recta.
469 1665 628 1724 Item
658 1672 910 1743 propter
940 1663 1200 1723 eandem
1231 1684 1498 1737 causam,
1524 1674 1725 1724 totum
1756 1665 1971 1723 circuli

212 1762 467 1842 planum
496 1760 615 1819 erit
643 1759 807 1818 linea
836 1769 1025 1818 recta.
1095 1759 1280 1820 Quod
1310 1760 1457 1819 satis
1488 1770 1582 1819 est
1612 1759 1967 1819 absurdum.

300 1855 495 1915 Recta
524 1873 671 1933 ergo
703 1854 1078 1913 subtendens
1116 1873 1228 1932 pro
1270 1854 1434 1913 linea
1460 1854 1674 1913 haberi
1703 1874 1827 1913 non
1856 1874 1969 1933 po-

212 1958 355 2022 test,
400 1949 518 2009 nisi
570 1969 707 2028 quae
747 1949 826 2009 sit
866 1949 1204 2028 diagonalis
1254 1949 1555 2028 quadrati.
1645 1949 1759 2008 Illa
1805 1949 1969 2008 enim

216 2044 436 2105 dividit
482 2044 777 2124 angulum
835 2054 1076 2103 rectum
1126 2043 1449 2103 bifariam:
1510 2043 1575 2103 id
1627 2044 1794 2123 quod
1844 2065 1970 2103 non

214 2140 362 2201 facit
422 2140 764 2221 diagonalis
821 2139 1168 2218 rectanguli
1217 2159 1343 2198 non
1395 2139 1698 2218 quadrati.
1788 2139 1970 2199 Unde

217 2255 467 2296 necesse
507 2244 604 2295 est
637 2235 1107 2294 numerantibus
1139 2234 1459 2313 quadrata,
1491 2234 1661 2313 (quia
1689 2234 1970 2294 minutis-

216 2331 355 2391 simi
404 2331 699 2410 trianguli
742 2331 925 2405 basiS,
957 2330 1496 2411 quantulacunque
1542 2350 1614 2390 ea
1646 2330 1743 2403 sit,
1776 2350 1970 2408 quan-

215 2427 363 2487 titas
415 2435 624 2487 tamen
684 2427 828 2504 est),
887 2446 1076 2486 unam
1135 2434 1200 2485 et
1246 2425 1506 2485 eandem
1558 2425 1970 2506 quantitatem

217 2523 438 2602 saepius
466 2541 814 2582 numerare.

303 2617 369 2677 Si
398 2616 663 2696 denique
703 2617 894 2676 cubos
939 2617 1105 2696 ipsos
1136 2635 1248 2695 per
1277 2635 1567 2675 numeros
1597 2615 1968 2694 investigare

215 2712 514 2786 volumuS‚
574 2712 950 2792 impossibile
1008 2711 1292 2771 volumus
1320 2737 1336 2780 ;
1397 2711 1542 2790 quia
1599 2710 1970 2790 quadratum

218 2807 692 2887 multiplicatum
720 2828 830 2887 per
859 2827 1186 2867 numerum
1215 2806 1365 2866 facit
1388 2826 1628 2885 semper
1651 2806 1967 2885 quadrata,

218 2921 482 2980 quorum
510 2902 680 2962 nulla
709 2902 1041 2962 multitudo
1071 2903 1260 2962 faciet
1290 2903 1535 2962 cubum.

304 2996 502 3058 Causa
532 3018 680 3076 ergo
712 3017 901 3077 quare
941 2997 1326 3076 problemata
1370 2996 1495 3070 illa,
1525 2995 1822 3055 metiendi
1852 2994 1967 3053 cir-

219 3092 444 3167 culum,
477 3091 834 3172 duplicandi
864 3093 1109 3164 cubum,
1136 3091 1451 3150 dividendi
1483 3090 1795 3168 angulum,
1821 3089 1971 3147 divi-

219 3186 407 3248 dendi
435 3188 761 3259 rationem,
782 3195 844 3246 et
874 3185 995 3245 alia
1022 3186 1219 3245 multa
1247 3186 1498 3244 inventa
1519 3185 1815 3243 hactenus
1845 3202 1971 3240 non

217 3281 466 3356 fuerint,
485 3282 656 3341 nulla
685 3281 986 3359 assignari
1008 3290 1211 3358 potest
1241 3289 1469 3358 praeter
1496 3280 1640 3338 has:
1679 3284 1748 3336 1⁰.
1787 3275 1971 3336 Quod

218 3375 300 3436 ad
328 3397 401 3436 ea
428 3375 801 3437 invenienda
830 3374 1006 3434 abusi
1037 3383 1183 3433 sunt
1206 3373 1625 3433 arithmetica:
1671 3378 1749 3432 2⁰.
1784 3370 1970 3430 Quod

219 3490 456 3532 errores
507 3471 903 3549 antiquorum
954 3469 1331 3528 recentiores
1393 3468 1647 3527 nimium
1693 3463 1969 3523 venerati

221 3574 382 3626 sunt.
472 3573 551 3625 3⁰.
601 3564 784 3627 Quod
815 3565 919 3643 qui
950 3583 1187 3623 errores
1215 3563 1352 3623 illos
1390 3562 1596 3623 conati
1627 3569 1770 3619 sunt
1801 3558 1967 3617 dete-

1674 3673 1695 3712 1
1721 3673 1742 3712 1
1774 3674 1798 3709 2
