2462 4120
564 337 685 402 278
1090 356 1176 397 DE
1211 356 1490 399 NATURA
1521 355 1737 397 AERIS.

562 491 626 549 in
686 490 898 550 eadem
961 495 1158 572 specie
1226 496 1494 574 corporis
1562 515 1685 554 non
1749 495 2018 574 sequitur
2079 495 2278 573 gravis

562 585 801 658 molem,
847 586 952 646 sed
997 589 1419 648 altitudinem:
1474 607 1838 667 quamquam
1889 589 1963 648 de
2011 588 2278 667 pondere

560 679 736 738 aliter
766 681 1148 741 sentiendum
1178 693 1287 741 est.

643 773 723 831 B.
770 775 1178 853 Hypothesim
1206 785 1373 835 tuam
1410 773 1485 832 de
1517 776 2011 854 corpusculorum
2050 785 2278 835 terreo-

559 886 694 926 rum
725 868 789 928 in
829 889 967 928 aere
1009 880 1235 930 terram
1280 869 1585 929 ambiente
1616 879 1786 930 motu
1827 871 2106 930 circulari
2136 871 2279 930 sim-

558 961 736 1039 plice,
795 965 1117 1023 confirmat
1175 963 1418 1043 quidem
1483 964 1964 1042 experimentum
2028 965 2144 1024 hoc
2202 963 2277 1023 de

552 1054 776 1133 hydria
804 1057 1300 1117 hortulanorum:
1346 1056 1538 1135 magis
1567 1066 1771 1117 tamen
1819 1058 1970 1118 illud
2019 1059 2277 1118 alterum

561 1149 635 1208 de
664 1151 947 1210 machina
976 1171 1155 1230 quam
1187 1150 1369 1210 modo
1402 1151 1792 1228 descripsisti,
1815 1150 1879 1210 in
1910 1172 2029 1230 qua
2055 1152 2279 1230 injecta

556 1264 667 1322 per
695 1245 817 1304 vim
842 1266 998 1324 aqua
1027 1265 1230 1304 rursus
1254 1246 1509 1324 ejicitur.
1570 1245 1872 1305 Machinae
1901 1255 2107 1306 autem
2134 1246 2280 1306 arti-

556 1339 733 1398 ficem
762 1341 922 1400 novi.

640 1433 721 1493 A.
769 1435 987 1493 Nonne
1018 1442 1079 1493 et
1108 1433 1209 1493 ille
1237 1453 1394 1493 unus
1422 1443 1515 1493 est
1545 1453 1618 1492 ex
1650 1433 1895 1512 collegis
1919 1434 2040 1494 tuis
2065 1433 2085 1492 Ρ

639 1528 720 1587 B.
766 1528 1038 1587 Minime.
1142 1529 1252 1588 Est
1282 1529 1444 1588 enim
1487 1528 1964 1607 machinoperS,
1995 1549 2120 1588 non
2148 1528 2280 1608 phi-

555 1621 860 1701 losophUS.

644 1718 722 1777 A.
773 1717 1082 1796 Siquidem
1139 1718 1520 1797 philosophia
1570 1719 1650 1778 sit
1708 1718 1803 1797 (ut
1860 1720 1976 1796 est)
2026 1719 2280 1778 scientia

558 1833 891 1884 causarum,
925 1833 1043 1891 quo
1074 1813 1266 1892 magis
1304 1813 1646 1892 philosophi
1695 1813 1958 1874 habendi
2004 1821 2145 1873 sunt
2190 1813 2279 1872 illi

557 1908 661 1985 qui
705 1907 1013 1966 machinas
1060 1906 1138 1966 ad
1178 1907 1592 1985 experimenta
1639 1907 1985 1966 commodas
2032 1907 2278 1966 invene-

555 2011 718 2071 runt,
750 2002 1303 2080 experimentorum
1335 2020 1543 2060 causas
1567 2000 1923 2075 nescienteS,
1953 2021 2134 2080 quam
2180 2000 2278 2060 hic

557 2098 659 2176 qui
690 2116 899 2156 causas
928 2096 1202 2155 nesciens
1241 2095 1613 2173 excogitavit
1657 2094 2005 2155 machinas?
2091 2094 2278 2154 Diffe-

555 2192 755 2250 rentia
778 2192 938 2250 enim
957 2190 1125 2250 nulla
1147 2190 1248 2250 hic
1275 2199 1388 2262 est,
1410 2189 1524 2249 nisi
1547 2190 1708 2268 quod
1730 2190 1882 2250 alter
1905 2188 2064 2269 quod
2086 2190 2279 2250 nescit

555 2286 787 2344 nescire
812 2305 874 2343 se
896 2285 1140 2358 fatetur,
1175 2285 1349 2344 alteri
1372 2305 1495 2343 non
1523 2284 1812 2344 fatentur.

639 2380 717 2438 B.
763 2380 906 2438 Post
936 2399 1107 2458 aquae
1149 2388 1210 2438 et
1246 2379 1402 2438 aeris
1436 2388 1683 2438 naturas
1729 2379 2118 2448 examinataS,
2146 2396 2278 2455 per-

556 2493 769 2552 gamus
818 2474 893 2549 (si
935 2474 1021 2533 ita
1054 2475 1166 2550 vis)
1224 2473 1302 2533 ad
1352 2482 1631 2532 naturam
1675 2473 1852 2550 ignis.
1938 2473 2018 2532 Et
2060 2471 2276 2550 primo,

558 2568 717 2646 ignis
748 2567 892 2647 quid
917 2567 1049 2627 est?
1138 2569 1373 2646 Corpus
1403 2587 1481 2626 an
1510 2566 1831 2626 accidens?

643 2662 724 2721 A.
772 2662 893 2722 Qui
948 2663 1171 2740 ignem,
1203 2672 1265 2721 et
1304 2663 1553 2721 effectus
1605 2662 1751 2740 ejuS,
1791 2660 2062 2740 quotidie
2110 2661 2280 2722 vides

559 2763 619 2815 et
660 2756 845 2815 sentis
887 2767 948 2815 et
993 2757 1290 2828 nominaS,
1328 2756 1518 2815 tibine
1549 2775 1698 2834 opus
1735 2765 1829 2815 est
1863 2764 1933 2815 ut
1973 2755 2137 2815 dicat
2176 2755 2277 2816 ali-

563 2850 694 2928 quis
719 2850 864 2928 quid
894 2851 972 2910 sit
996 2851 1015 2909 ἓ

645 2945 723 3003 B.
771 2946 898 3023 Ego
930 2946 1132 3023 ignem
1161 2943 1286 3004 vidi
1317 2944 1446 3004 sine
1464 2943 1720 3003 materia
1737 2944 1932 3023 ignita
1948 2964 2277 3024 nunquam.

560 3039 840 3117 Lignum,
899 3041 1245 3111 carbonem,
1316 3038 1565 3109 ferrum,
1638 3039 1957 3098 materiam
2021 3039 2279 3118 denique

560 3143 1000 3211 quamcunque,
1026 3134 1076 3192 si
1099 3133 1425 3192 candescat
1443 3142 1503 3191 et
1527 3132 1857 3205 calefaciat,
1877 3133 2075 3212 ignem
2096 3153 2277 3192 voco:

560 3237 623 3286 et
652 3235 721 3286 tu
750 3247 1005 3305 quoque.
1093 3227 1247 3285 Mihi
1271 3247 1414 3305 ergo
1437 3226 1677 3285 videtur
1706 3227 1863 3306 ignis
1892 3246 2108 3306 corpus
2132 3246 2278 3300 esse,

559 3321 656 3380 vel
699 3321 903 3399 potius
950 3321 1139 3380 multa
1180 3322 1357 3380 simul
1401 3321 1464 3380 in
1505 3321 1692 3399 lign0,
1724 3321 1820 3380 vel
1863 3321 1981 3381 alia
2028 3321 2281 3382 materia

560 3415 772 3495 ignita,
805 3415 1161 3493 corpuscula
1190 3415 1385 3493 ignea.

646 3510 725 3569 A.
774 3509 894 3568 Sed
917 3509 1272 3586 corpuscula
1300 3509 1402 3568 illa
1425 3517 1644 3568 suntne
1674 3508 1908 3588 ignita?

649 3603 727 3663 B.
774 3603 914 3662 Non
944 3602 1153 3680 ignita,
1179 3602 1284 3662 sed
1311 3603 1468 3681 ignis
1499 3622 1715 3662 merus,
