2462 4120
954 380 1045 423 An
1081 382 1342 424 REGEM.
1991 376 2104 430 301

202 541 523 622 decunque
553 543 875 623 arripiunt,
898 544 1275 622 perturbata.
1342 545 1600 620 Deinde,
1632 569 1811 628 quem
1842 549 2112 609 studium

201 667 457 728 Naturae
480 667 762 729 delectat.
851 669 1172 742 Praeterea,
1204 670 1307 748 qui
1332 671 1748 748 experimenta
1778 674 1852 733 de
1892 676 2111 754 quibus

199 794 300 853 hic
330 793 665 864 disseritur,
697 795 826 874 ipse
857 795 1042 855 nosti.
1130 795 1210 855 Et
1249 794 1532 875 denique,
1564 799 1737 876 cujus
1779 799 2011 878 judicio
2061 801 2112 859 si

197 918 465 998 placent,
519 940 556 980 a
606 920 1165 981 contradicentium
1224 929 1585 1000 contemptu
1657 933 1718 981 et
1777 924 2112 984 maledictis

197 1045 428 1125 possim
455 1047 717 1126 protegi.

284 1171 501 1232 Restat
529 1183 619 1247 ut,
653 1192 822 1232 more
854 1171 1260 1244 offerentium,
1292 1170 1624 1250 adjungam
1650 1170 1945 1230 oblationi
1971 1192 2113 1251 pre-

198 1299 430 1359 culam:
475 1319 716 1378 nempe,
761 1308 835 1358 ut
878 1298 1143 1357 lectione
1201 1295 1444 1376 dignari
1482 1296 1631 1355 velis
1685 1296 1932 1355 brevem
1978 1318 2115 1375 quae

197 1427 476 1507 sequitur
505 1426 891 1507 Apologiam
936 1445 1049 1505 pro
1079 1425 1238 1485 libro
1268 1444 1427 1498 meo,
1459 1443 1640 1504 quem
1672 1423 1746 1482 de
1779 1424 2116 1502 Republica

197 1573 479 1615 sermone
509 1553 708 1632 patrio
756 1552 1054 1632 scriptum
1104 1550 1406 1631 appellavi
1455 1567 1883 1610 LEVIATHAN.
1972 1550 2118 1610 Non

194 1689 401 1740 tamen
430 1689 501 1739 ut
530 1678 830 1758 apologiae
860 1678 1288 1758 qualicunque,
1321 1676 1429 1737 sed
1458 1676 1796 1736 Amnestiae
1843 1677 2114 1756 generali

198 1805 507 1867 confidere
559 1804 883 1864 consilium
934 1804 1085 1863 mihi
1127 1804 1224 1864 sit.
1316 1804 1449 1864 Nec
1495 1814 1567 1864 ut
1607 1824 1705 1863 me
1753 1824 1879 1863 non
1932 1804 2116 1864 modo

195 1931 395 2004 venia,
426 1930 534 1990 sed
557 1930 743 1990 etiam
765 1930 966 2009 gratia
991 1939 1100 1989 tua
1126 1932 1251 2009 jam
1276 1939 1573 2003 utentem,
1594 1939 1658 1988 et
1688 1930 1990 1990 beneficio
2011 1940 2118 1990 tuo

196 2056 544 2136 gratissimo
597 2065 905 2129 ornatum,
964 2054 1129 2135 apud
1175 2055 1570 2135 Majestatem
1626 2065 1798 2114 tuam
1855 2076 2118 2135 purgare

196 2199 446 2247 necesse
494 2180 793 2239 habeam:
848 2179 957 2240 sed
999 2190 1090 2254 ut,
1145 2200 1359 2240 eorum
1413 2200 1598 2240 causa
1649 2181 1753 2260 qui
1804 2181 2117 2241 malevolis

197 2307 349 2367 meis
379 2316 608 2367 temere
642 2306 959 2366 credentes
1007 2306 1187 2366 aliter
1237 2306 1314 2365 de
1360 2327 1458 2366 me
1505 2327 1688 2385 quam
1735 2327 1979 2387 aequum
2026 2318 2118 2369 est

196 2432 488 2505 sentiunt,
521 2431 890 2492 sententiam
923 2451 1122 2491 meam
1159 2431 1576 2492 duriusculam
1616 2433 1860 2512 publice
1888 2435 2116 2513 possim

196 2559 642 2639 aliquantulum
672 2559 964 2619 emollire.

280 2686 503 2758 Prim0,
535 2685 761 2764 dogma
789 2686 875 2746 ibi
906 2686 1073 2766 quod
1104 2687 1533 2767 theologorum
1578 2690 1903 2750 sententiae
1948 2711 2110 2750 com-

199 2812 371 2872 muni
416 2813 794 2872 contrarium
841 2813 942 2886 sit,
989 2814 1227 2873 nullum
1278 2814 1510 2874 directe
1563 2816 1840 2875 affirmo:
1888 2816 2013 2890 sed,
2044 2827 2115 2875 ut

199 2938 449 3011 diffisus,
479 2938 722 2998 illorum
742 2938 1002 2999 decretis
1025 2939 1266 2999 disertis
1285 2940 1489 2999 verbis
1515 2942 1830 3014 submittO,
1853 2961 2112 3020 quorum

199 3074 292 3124 est
341 3065 407 3124 in
455 3064 729 3124 Ecclesia
777 3065 1048 3144 regenda
1100 3086 1336 3125 summa
1387 3067 1747 3126 authoritas.
1854 3066 2111 3139 Deinde,

197 3199 523 3269 postquam
552 3189 840 3249 Ecclesiae
871 3191 1210 3250 authoritas
1243 3193 1526 3251 restituta
1549 3203 1738 3252 esset:
1785 3213 1927 3251 nam
1967 3192 2113 3250 dum

198 3317 332 3377 haec
387 3317 746 3390 scribebam,
791 3317 1081 3378 Ecclesiae
1133 3319 1493 3397 Anglicanae
1545 3321 1819 3398 regimen
1877 3318 2111 3377 nullum

199 3455 353 3517 erat,
406 3444 514 3504 sed
564 3444 978 3523 unusquisque
1029 3445 1318 3525 quicquid
1369 3446 1564 3506 voluit
1622 3447 1811 3506 libere
1870 3444 2110 3522 scripsit

198 3569 549 3648 ediditque:
594 3588 794 3646 neque
842 3568 1070 3647 scripto
1122 3590 1322 3648 neque
1374 3570 1677 3648 colloquio
1707 3570 1808 3629 illa
1839 3587 2108 3645 unquam

200 3693 463 3754 defendi.
