2462 4120
700 370 1172 413 PROBLEMATA
1207 373 1529 417 PHYSICA.
1872 363 1993 428 317

241 510 316 570 de
363 511 537 570 obice
583 510 797 569 oceani
844 529 1068 588 aquam
1127 511 1506 589 impediente
1557 533 1635 571 ne
1679 516 1996 592 procedat,
2087 540 2199 572 CAP.
2227 540 2280 572 11.

240 605 351 664 sed
421 611 790 677 revertatur,
864 604 1118 662 memini
1189 604 1412 682 legisse
1482 626 1581 665 me
1640 608 1864 668 alicubi
1936 611 1999 668 in
2069 596 2309 680 W

241 699 485 776 scriptis
516 698 880 757 Cancellarii
912 698 1194 757 BaconiS.
2081 699 2242 734 marinis·

328 793 410 852 B.
457 793 553 851 Ita
587 801 722 851 est:
771 792 876 851 sed
934 802 1139 851 motus
1189 811 1362 870 aquae
1412 811 1659 851 causam
1708 793 2002 855 adscribit

240 887 440 947 motui
471 887 692 946 diurno
723 887 906 966 primi
937 887 1198 958 mobilis,
1245 886 1352 964 qui
1399 895 1605 945 motus
1647 888 1829 965 primi
1876 909 2000 947 mo-

240 981 399 1052 bilis,
427 1001 567 1040 cum
600 982 681 1040 sit
712 982 775 1039 in
805 981 1036 1040 circulo
1070 982 1245 1059 cujus
1279 989 1561 1039 centrum
1594 990 1687 1039 est
1719 991 2002 1040 centrum

180 1063 182 1066 ’
242 1085 446 1146 terrae,
478 1076 823 1154 propellere
863 1096 1086 1154 aquarn
1125 1094 1252 1134 non
1283 1082 1508 1153 potest.
1595 1074 1805 1133 Etiam
1837 1075 2005 1134 Gali-

241 1169 375 1229 leus
429 1189 678 1229 causam
722 1179 982 1230 aestuum
1026 1171 1250 1229 horum
1289 1178 1473 1229 terrae
1523 1170 1719 1228 motui
1760 1168 2005 1228 cuidam

243 1263 574 1323 adscribit:
622 1284 804 1342 quem
848 1273 1085 1323 motum
1126 1272 1293 1322 terra
1340 1263 1569 1323 habere
1608 1284 1732 1322 non
1775 1272 2005 1341 potest,

243 1358 363 1417 nisi
401 1359 510 1430 sol,
552 1368 736 1430 terra,
779 1368 841 1418 et
879 1359 1027 1417 luna
1073 1357 1268 1417 solido
1314 1357 1518 1435 aliquo
1565 1356 1812 1416 vinculo
1861 1376 2007 1414 con-

243 1462 664 1527 necterentur,
691 1463 985 1531 tanquam
1009 1452 1073 1511 in
1096 1452 1243 1511 fune
1273 1451 1544 1530 pendulo
1576 1450 1840 1511 totidem
1864 1449 2007 1528 pilae

246 1546 570 1624 plumbeae.

959 1751 1293 1758 ——-—-———-.

964 1882 1139 1942 CAP.
1186 1882 1302 1941 III.

681 2026 1156 2068 PROBLEMATA
1190 2026 1281 2067 DE
1316 2025 1577 2067 VACUO.

337 2122 419 2183 A.
465 2123 568 2183 AD
593 2124 978 2202 probandam
995 2124 1265 2183 universi
1286 2123 1754 2202 plenitudinem,
1775 2123 2014 2182 nullum

251 2217 477 2277 nostin'
509 2227 945 2296 argumentum
979 2237 1207 2296 cogens
1235 2218 1254 2276 ?

341 2311 422 2371 Β.
469 2312 602 2371 Imo
653 2312 867 2371 multa.
967 2312 1178 2371 Unum
1231 2320 1446 2371 autum.
1492 2311 1757 2370 sufficit:
1813 2330 1889 2369 ex
1940 2330 2013 2369 eo

256 2414 587 2484 sumptum,
638 2406 803 2485 quod
850 2406 972 2466 duo
1025 2426 1287 2485 corpora
1331 2406 1535 2484 plana,
1591 2405 1642 2464 si
1690 2425 1754 2464 se
1800 2413 2015 2462 mutuo

258 2499 594 2558 secundum
619 2501 941 2560 amborum
966 2501 1288 2579 planitiem
1318 2519 1711 2559 communem
1736 2506 2014 2577 tangant,

258 2612 384 2652 non
427 2593 608 2653 facile
647 2594 712 2654 in
758 2594 1031 2654 instante
1084 2595 1290 2654 divelli
1337 2602 1632 2673 possunt;
1679 2592 2018 2653 successive

261 2704 406 2744 vero
463 2687 768 2747 facillime.
877 2689 1023 2748 Non
1083 2688 1221 2748 dico
1281 2688 1656 2766 impossibile
1712 2707 1843 2747 esse
1898 2686 2019 2744 duo

265 2777 589 2839 durissima
637 2801 947 2842 marmora
997 2784 1084 2842 ita
1137 2782 1518 2842 cohaerentia
1548 2781 1860 2852 divellere,
1914 2779 2022 2839 sed

266 2871 549 2942 difficile;
596 2883 660 2933 et
692 2875 818 2936 vim
860 2877 1173 2955 postulare
1214 2886 1476 2949 tantam,
1519 2885 1752 2954 quanta
1800 2874 2022 2934 sufficit

265 2965 344 3025 ad
396 2966 682 3026 duritiem
727 2969 946 3048 lapidis
990 2969 1418 3049 superandam.
1509 2969 1827 3048 Siquidem
1874 2987 2021 3026 vero

263 3061 496 3138 majore
526 3060 587 3118 vi
617 3061 695 3120 ad
725 3065 1176 3141 separationem
1207 3084 1361 3143 opus
1403 3063 1482 3123 sit
1525 3084 1708 3141 quam
1752 3063 1857 3121 illa
1902 3081 2024 3140 qua

265 3163 592 3213 moventur
623 3166 922 3233 separata,
943 3158 1008 3217 id
1030 3159 1272 3238 signum
1306 3166 1400 3217 est
1424 3178 1550 3217 non
1582 3158 1716 3217 dari
1738 3176 2019 3216 vacuum.

349 3245 427 3306 A.
474 3249 862 3309 Assertiones
933 3252 1054 3312 illae
1124 3252 1652 3312 demonstratione
1718 3250 2018 3327 indigent.

267 3341 471 3400 Primo
502 3351 708 3400 autem
742 3344 994 3403 ostende
1027 3346 1334 3423 quomodo
1368 3366 1442 3404 ex
1476 3345 1738 3405 duorum
1770 3341 2020 3402 durissi-

266 3454 510 3494 morum
541 3427 867 3513 corporum
902 3440 1372 3516 conjunctorum
1416 3439 1494 3498 ad
1537 3437 1889 3517 superficies
1921 3454 2020 3492 ex-

267 3528 490 3607 quisite
520 3528 703 3587 laeves
747 3529 1155 3609 diremptione
1197 3532 1450 3605 difficili,
1502 3533 1780 3610 sequitur
1825 3526 2020 3607 pleni-

265 3621 419 3682 tudo
451 3621 685 3682 mundi.
