2462 4120
741 419 829 459 DE
863 419 1143 461 NATURA
1175 422 1399 463 AERIS.
1848 416 1964 479 275

242 565 448 616 ternus
497 557 666 636 (quia
702 558 1051 618 universum
1104 562 1468 638 supponitur
1519 584 1647 624 esse
1690 569 1961 648 plenum)

238 659 536 729 penetrat,
587 651 912 731 locumque
965 653 1339 731 egredientis
1387 657 1583 715 aeris*
1632 666 1964 724 successive

239 755 515 823 occupat,
548 745 744 806 donec
786 747 1163 826 corpuscula,
1196 749 1537 826 quantitate
1573 755 1725 813 aeris
1756 758 1965 819 eadem

235 839 537 913 restituta,
567 840 913 901 libertatem
937 843 1132 901 motui
1158 862 1266 901 suo
1290 845 1630 904 naturalem
1650 850 1963 928 recipiant.

237 933 550 995 Concessis
581 946 786 996 autem
816 937 975 996 illius
1006 938 1463 1016 hypothesibus,
1496 960 1678 1001 causa
1718 945 1965 1022 phaeno-

233 1028 395 1088 meni
419 1031 743 1092 manifesta
766 1042 873 1092 est.
919 1033 1034 1092 Tui
1059 1042 1265 1092 autem
1289 1035 1506 1112 quibus
1529 1036 1963 1115 hypothesibus

231 1122 395 1183 idem
423 1125 869 1204 phaenomenon
900 1128 1240 1207 explicuere
1266 1127 1286 1187 ?

313 1219 397 1279 B.
442 1219 687 1281 Nescio.
763 1221 884 1281 Sed
915 1242 1024 1281 cur
1052 1242 1176 1281 non
1205 1231 1410 1301 potest
1440 1243 1598 1302 aqua
1630 1246 1784 1304 quae,
1825 1249 1963 1289 cum

229 1313 601 1393 injiceretur,
625 1316 955 1395 particulas
979 1317 1135 1377 aeris
1161 1317 1623 1397 comprimebat,
1651 1321 1727 1379 ab
1751 1321 1966 1383 iisdem

228 1409 543 1488 particulis
573 1430 635 1470 se
665 1411 1109 1490 explicantibus
1139 1432 1346 1472 rursus
1376 1413 1548 1492 rejici
1580 1413 1599 1471 Ρ

310 1501 387 1565 A.
435 1504 596 1565 Quia
641 1505 844 1565 locum
890 1506 1206 1586 explicatae
1256 1509 1551 1587 majorem
1594 1529 1719 1568 non
1760 1512 1962 1590 requi-

227 1607 392 1673 runt,
435 1620 616 1678 quam
659 1620 1039 1680 compressae.
1131 1601 1664 1662 Quemadmodum
1711 1604 1777 1664 in
1824 1626 1965 1666 vase

226 1714 385 1773 aqua
429 1694 630 1773 pleno,
680 1696 745 1755 in
791 1716 911 1775 qua
955 1706 1114 1756 esset
1154 1697 1483 1757 multitudo
1532 1699 1961 1777 anguillarum,

223 1789 522 1868 anguillas
568 1790 694 1850 sive
731 1791 796 1850 in
841 1810 903 1851 se
955 1791 1192 1851 volutas
1238 1792 1361 1851 sive
1408 1793 1741 1872 explicatas
1793 1795 1959 1856 idem

224 1903 460 1963 semper
491 1885 654 1964 capit
691 1885 880 1946 locus.
988 1887 1331 1966 Propellere
1383 1907 1530 1966 ergo
1579 1908 1801 1967 aquam
1851 1911 1961 1969 per

223 1979 346 2038 vim
376 1979 704 2054 elasticam,
737 2001 872 2060 quae
902 1981 1019 2041 alia
1048 2001 1172 2041 non
1212 1991 1302 2042 est
1343 2003 1527 2061 quam
1568 1993 1770 2043 motus
1825 2005 1962 2044 cor-

221 2093 439 2152 porum
469 2093 533 2134 se
565 2075 1018 2154 explicantium,
1049 2096 1175 2135 non
1203 2086 1479 2155 possunt.

303 2168 383 2229 B.
431 2168 826 2250 Comparatio
889 2170 993 2230 illa
1050 2171 1207 2230 aeris
1266 2191 1404 2230 cum
1464 2191 1623 2251 aqua
1674 2173 1957 2251 anguillis

219 2262 421 2343 plena,
450 2264 696 2338 nostriS,
728 2264 930 2336 credo,
961 2285 1084 2325 non
1117 2266 1479 2345 displicebit.
1554 2267 1764 2346 Aliqui
1794 2268 1957 2326 enim

219 2377 346 2419 non
403 2358 669 2418 minimae
725 2359 888 2420 inter
943 2379 1053 2419 nos
1110 2361 1504 2421 authoritatis
1562 2362 1627 2420 in
1685 2381 1757 2421 ea
1814 2373 1957 2421 511111

220 2453 524 2533 opinione,
554 2464 624 2515 ut
655 2454 706 2514 si
743 2474 853 2534 per
880 2474 1140 2515 vacuum
1182 2455 1561 2533 intelligatur
1589 2456 1759 2516 100115
1790 2458 1956 2517 0111111

220 2550 559 2610 substantia
597 2569 894 2630 corporea
925 2570 1169 2624 vacuuS,
1198 2570 1321 2610 non
1352 2561 1512 2610 esset
1535 2551 1709 2610 valde
1731 2571 1954 2632 repug-

217 2644 506 2708 nandum.
637 2645 1060 2724 Supponentes
1119 2645 1279 2704 enim
1351 2644 1755 2704 constitutum
1824 2665 1952 2705 esse

217 2759 419 2799 aerem
454 2759 529 2800 ex
558 2740 932 2819 corpusculis
963 2760 1099 2819 quae
1129 2740 1258 2799 51110
1287 2739 1628 2799 interstitiis
1671 2740 1952 2819 componi

216 2853 343 2894 non
370 2845 644 2914 possunt,
666 2835 1076 2895 necessarium
1106 2854 1234 2894 esse
1257 2834 1468 2894 vident
1490 2834 1819 2894 interstitia
1849 2834 1952 2894 illa

218 2949 527 3008 corporeae
556 2930 930 3003 substantiae,
958 2930 1050 2989 vel
1074 2930 1166 3008 (ut
1189 2928 1455 3009 apertius
1486 2927 1710 3005 dicam)
1739 2949 1952 3007 corpo-

214 3024 318 3098 ris,
351 3024 597 3104 capacia
626 3044 776 3084 esse.
866 3024 987 3085 Sed
1017 3024 1179 3104 quod
1206 3024 1291 3083 510
1313 3043 1573 3083 vacuum
1598 3023 1947 3102 intelligunt

203 3118 513 3200 plenistoe,
556 3120 897 3199 praesertim
926 3108 1258 3197 nuperi,‘id
1287 3138 1414 3178 non
1444 3117 1720 3178 credunt.

298 3213 380 3275 A.
427 3214 550 3274 Cur
577 3233 700 3274 non
732 3213 990 3272 credunt
1016 3211 1036 3271 ?

299 3305 380 3367 B.
428 3308 590 3368 Quia
632 3306 911 3387 plenistae
970 3306 1350 3384 disputantes
1401 3314 1617 3365 contra
1661 3324 1938 3376 vacuum,

213 3412 573 3480 argumenta
618 3411 866 3461 sumunt
914 3400 990 3459 ab
1037 3420 1108 3459 eo
1166 3400 1326 3478 quod
1384 3399 1615 3478 liquida
1667 3397 1938 3457 suctione

214 3497 335 3556 oris
363 3517 473 3576 per
501 3496 766 3556 fistulam
796 3493 1104 3554 ascendit:
1152 3503 1214 3553 01
1242 3494 1317 3553 ab
1344 3514 1413 3553 eo
1445 3492 1606 3571 quod
1637 3492 1698 3550 in
1727 3492 1936 3549 hortu-

725 3690 754 3719 *
782 3689 862 3739 Sic
885 3689 1014 3736 Edit.
1047 3690 1167 3737 1661
1196 3695 1244 3737 et
1273 3690 1412 3735 1688.
