2462 4120
638 351 1163 393 MATHEMATICAE
1200 351 1606 395 HODIERNAE.
1903 344 1980 396 23

241 488 426 569 cipuli
469 507 603 547 eam
633 499 833 565 ἔμαθον,
864 487 929 547 id
972 495 1082 560 est,
1125 486 1493 562 didicerunt,
1525 491 1978 568 intellexerunt,

236 591 658 663 perceperunt,
690 581 754 640 id
793 581 956 660 quod
1001 581 1131 641 sine
1163 601 1401 641 summa
1444 584 1750 646 evidentia
1777 586 1978 647 facere

235 697 357 737 non
381 686 738 756 potuerunt.
792 677 884 736 De
907 676 1040 736 aliis
1066 676 1266 747 rebUS,
1292 676 1420 735 sine
1442 678 1759 757 principiis
1783 683 1975 741 mani-

232 771 402 831 festis
432 780 495 830 et
535 771 665 831 sine
696 781 984 831 accurata
1012 770 1502 844 ratiocinatione,
1547 771 1612 830 in
1640 776 1976 850 porticibus

234 876 297 926 et
326 866 709 939 ambulacriS,
741 886 778 925 a
813 865 1167 925 sedentibus
1213 865 1761 938 ambulantibusve,
1800 871 1976 931 scho-

232 960 463 1035 lastice,
507 961 572 1020 id
613 970 724 1034 est,
765 971 1073 1036 στοχαστικῶς
1103 961 1534 1032 disserebatur,
1574 965 1976 1039 quemadmo-

232 1055 379 1116 dum
406 1075 518 1116 nos
546 1075 711 1115 nunc
743 1055 1091 1115 disserimus
1115 1076 1225 1135 per
1247 1055 1564 1134 fortasse.
1619 1057 1700 1115 Et
1731 1059 1971 1135 quidem

231 1151 283 1210 si
331 1160 587 1230 propter
642 1150 760 1209 hoc
806 1150 1167 1210 dicebantur
1209 1150 1669 1224 mathematica,
1715 1171 1840 1211 non
1885 1167 1976 1215 est

231 1245 475 1305 difficile
532 1245 961 1304 universaliter
1019 1245 1276 1305 definire
1324 1245 1473 1323 quid
1531 1245 1608 1305 sit
1665 1246 1974 1309 mathesis,

230 1341 342 1402 Est
372 1342 535 1402 enim
565 1341 874 1412 mathesiS,
920 1340 1193 1421 cognitio
1238 1339 1529 1399 veritatis
1569 1360 1696 1420 per
1741 1341 1973 1401 demon-

229 1435 614 1496 strationem.

317 1530 401 1590 B.
450 1530 737 1590 Scientiae
767 1549 934 1608 ergO,
960 1531 1140 1609 juxta
1160 1538 1331 1589 tuam
1362 1528 1804 1614 definitionem,
1833 1539 1977 1590 sunt

231 1644 441 1686 omnes
470 1624 939 1684 mathematicae,
1028 1624 1152 1684 Cur
1182 1644 1328 1703 ergo
1375 1623 1574 1684 Graeci
1607 1644 1732 1684 non
1765 1645 1975 1684 omnes

229 1719 512 1780 scientias
542 1719 629 1779 sic
660 1717 1005 1778 vocabant?

311 1815 392 1874 A.
445 1814 665 1874 Annon
723 1833 934 1872 omnes
992 1811 1078 1872 sic
1135 1813 1462 1884 vocabant,
1530 1833 1667 1892 quae
1727 1812 1971 1872 traditae

227 1918 401 1969 erant
431 1907 954 1968 demonstrative?
1043 1907 1204 1966 Nam
1256 1928 1392 1986 quae
1438 1907 1821 1967 theoremata
1867 1907 1970 1966 de-

225 2013 565 2065 monstrata
606 2004 955 2063 habuerunt
1005 2003 1203 2063 Graeci
1249 2011 1508 2077 veteres,
1557 2013 1970 2083 praeterquam

226 2100 390 2159 circa
417 2099 830 2177 quantitatem
855 2098 875 2157 ἒ

311 2194 392 2254 B.
439 2194 592 2254 Puto
623 2193 808 2253 nulla.

309 2288 391 2349 A.
435 2289 621 2348 Vides
652 2308 799 2367 ergo
825 2307 1071 2347 causam
1102 2306 1211 2347 cur
1241 2287 1362 2347 illae
1392 2287 1685 2361 scientiae,
1713 2307 1973 2366 quarum

225 2383 562 2462 subjectum
626 2392 717 2442 est
777 2382 1108 2461 quantitaS,
1180 2381 1324 2441 solae
1395 2381 1622 2441 habitae
1691 2391 1835 2441 sunt
1892 2382 1969 2441 ab

223 2477 490 2557 antiquis
542 2477 1011 2550 mathematicae,
1071 2486 1133 2536 et
1191 2477 1278 2537 sic
1337 2477 1725 2556 appellantur
1783 2477 1970 2536 etiam

222 2571 425 2633 hodie.
515 2573 731 2652 Itaque
783 2572 834 2632 si
876 2572 981 2632 illo
1032 2580 1310 2651 tempore
1358 2572 1659 2632 doctrinae
1720 2573 1968 2632 moralis

224 2676 287 2727 et
336 2668 529 2728 civilis
567 2668 828 2728 fuissent
874 2667 1330 2741 demonstratae,
1386 2687 1495 2727 cur
1546 2688 1671 2727 non
1721 2667 1969 2727 credam

225 2771 285 2822 et
334 2763 467 2823 illas
498 2783 626 2843 pro
673 2762 1123 2823 mathematicis
1175 2762 1390 2822 haberi
1434 2762 1750 2842 potuisse?
1823 2762 1968 2821 Non

225 2857 386 2917 enim
416 2859 780 2937 subjectum,
812 2858 920 2918 sed
965 2857 1516 2918 demonstrationes
1559 2857 1796 2916 faciunt
1840 2876 1967 2915 ma-

225 2950 634 3013 thematicam.

315 3044 559 3106 Transit
611 3048 741 3125 jam
796 3046 878 3107 ad
934 3046 1332 3107 scientiarum
1391 3045 1965 3106 mathematicarum

228 3138 719 3216 species—Sunt
743 3149 948 3200 autem
976 3139 1327 3221 disciplinae
1350 3139 1798 3199 mathematica>
1822 3137 1965 3197 alioe

216 3251 414 3311 parce,
475 3233 615 3293 ali-ce
670 3235 897 3294 mixtoe.
1013 3233 1223 3294 Parae
1283 3234 1544 3294 dicimus
1601 3233 1766 3303 illac,
1838 3252 1964 3311 qua>

229 3325 625 3404 quantitatem
656 3328 934 3388 absolate
957 3328 1419 3387 consideratam
1449 3334 1746 3399 tractant,
1765 3331 1965 3406 prout

228 3439 269 3478 a
309 3419 576 3479 materia
618 3421 1027 3483 abstrahitur.
1114 3422 1363 3482 Mixtas
1410 3430 1612 3482 autem
1664 3420 1810 3480 illas
1849 3439 1961 3497 ap-

216 3512 550 3593 pellamaS,
576 3514 638 3573 in
669 3515 880 3593 quibas
898 3525 1144 3596 proeter
1174 3516 1730 3576 considerationem
1773 3532 1962 3591 qaan-

229 3607 452 3678 titatis,
481 3606 608 3667 sive
647 3608 968 3671 multitudo
1008 3610 1122 3671 illa
1145 3610 1367 3691 faerit
1409 3610 1540 3670 sive
1582 3605 1959 3687 magnitudo,

2043 517 2298 551 DIALOGUS

2148 586 2181 618 1.

2045 643 2283 671 κ-Ὺ--κ
