2462 4120
666 375 969 419 cussArio
1006 376 1329 431 SPHAERAE,
1365 375 1512 418 ETc.
1842 356 1961 424 517

218 526 343 577 tem
368 534 498 575 esse
517 533 694 573 arcus
715 520 794 574 30
811 511 1114 591 graduum
1137 512 1200 571 in
1226 514 1526 591 quadrato
1552 512 1860 591 descripto
1883 512 1968 571 la·
1992 537 2060 570 An
2086 536 2227 568 paon
2252 535 2323 566 XI.

218 612 450 670 teribus
472 608 1005 687 aequidistantibus
1036 627 1073 665 a
1101 607 1398 667 lateribus
1422 609 1706 687 quadrati
1729 607 1966 667 ABGC.
2037 592 2276 622 *²⁶⁴

222 706 428 767 Quare
458 725 494 763 a
522 714 755 781 puncto
780 722 1112 762 concursus
1142 714 1453 761 rectarum
1473 704 1561 762 Br
1580 715 1642 762 et
1663 704 1759 762 Aa
1783 702 1971 761 ducta

219 819 430 859 secans
481 818 673 857 arcus·
707 804 786 858 30
826 797 1130 876 graduum
1178 797 1241 855 in
1290 797 1590 874 quadrato
1644 798 1967 869 exteriore,

218 893 507 974 parellela
536 894 652 953 erit
680 903 871 953 rectae
903 893 991 952 Br
1017 918 1031 962 ;
1079 902 1142 951 et
1166 902 1498 970 propterea
1526 902 1698 951 recta
1723 892 1812 950 Br
1835 912 1970 970 pro-

219 988 406 1048 ducta
434 986 668 1046 incidet
698 987 761 1046 in
794 1008 873 1046 a:
920 985 1086 1065 quod
1122 985 1373 1064 negavit
1418 985 1539 1045 ille.
1628 986 1971 1065 Propositio

219 1103 367 1162 ergo
396 1083 530 1142 haec
559 1082 627 1142 xi
651 1091 858 1141 manet
885 1082 1269 1140 inconcussa.

306 1177 490 1239 Quod
531 1187 738 1236 autem
785 1177 1082 1255 sequitur,
1115 1186 1377 1254 tangens
1418 1174 1628 1254 anguli
1669 1173 1975 1252 graduum

219 1270 273 1355 {²7—
300 1269 335 1349 ζ-
359 1283 422 1332 et
451 1282 712 1350 tangens
735 1270 1039 1349 graduum
1067 1278 1145 1331 30
1171 1270 1350 1329 simul
1376 1280 1636 1348 sumptae
1667 1280 1810 1328 sunt
1840 1279 1974 1328 toto

221 1367 396 1428 radio
426 1367 714 1441 minoreS,
737 1367 998 1425 affirmat
1031 1365 1132 1424 ille
1162 1365 1315 1425 falso
1335 1375 1398 1424 et
1429 1366 1558 1424 sine
1590 1364 1977 1423 demonstra-

220 1464 411 1535 tione,
443 1461 759 1522 confidens
789 1461 1013 1520 tabulis
1044 1460 1405 1532 secantium,
1439 1461 1704 1532 sinuum,
1747 1470 1810 1518 et
1840 1469 1977 1518 tan-

220 1558 519 1637 gentium,
581 1576 718 1635 quae
763 1556 932 1615 falsae
987 1566 1131 1615 sunt
1156 1579 1168 1614 :
1229 1564 1298 1614 ut
1351 1556 1654 1634 quorum*
1707 1554 1978 1613 calculus

227 1652 535 1732 dependet
554 1652 631 1711 ab
655 1652 1040 1711 extractione
1063 1650 1341 1710 radicum
1363 1650 1824 1730 quadratorum,
1839 1670 1978 1729 quae

222 1768 350 1807 non
380 1756 524 1807 sunt
551 1747 747 1805 latera
776 1746 1236 1826 quadratorum,
1260 1766 1462 1824 neque
1494 1746 1744 1805 omnino
1776 1745 1977 1804 lineae.

224 1842 388 1902 Nam
418 1842 481 1900 in
514 1840 814 1920 quadrato
844 1841 1083 1914 ABGC,
1115 1849 1380 1919 quatuor
1419 1850 1565 1899 sunt
1610 1839 1912 1918 quadrata
1941 1859 1980 1898 a

224 1946 396 1996 recta
426 1935 551 1996 CO.
643 1935 710 1995 si
740 1954 888 2014 ergo
919 1955 989 1995 ex
1025 1943 1061 1994 4
1095 1935 1458 1994 extrahatur
1489 1934 1684 2006 radix,
1726 1934 1843 1993 erit
1873 1933 1980 1993 illa

223 2030 400 2091 radix
458 2030 600 2091 du0.
696 2030 836 2090 Duo
888 2031 1066 2110 quae?
1166 2030 1310 2090 Non
1369 2039 1516 2089 sunt
1575 2029 1703 2089 duo>
1755 2029 1978 2089 nihila.

227 2125 381 2186 Quae
422 2133 565 2184 sunt
609 2143 757 2203 ergo
802 2144 899 2184 res
939 2125 1062 2184 illae
1103 2124 1287 2185 duae?
1376 2125 1522 2184 Non
1553 2134 1696 2184 sunt
1728 2124 1849 2184 duo
1881 2145 1981 2183 ca-

223 2219 388 2280 balli.
456 2219 613 2279 Sunt
633 2239 781 2298 ergo
814 2219 936 2278 duo
967 2220 1298 2298 quadrata:
1331 2240 1591 2299 quorum
1610 2219 1982 2298 quadratum

225 2314 446 2375 ABGC
477 2324 571 2374 est
600 2322 660 2375 4.
749 2314 907 2375 Sunt
947 2324 1155 2375 autem
1194 2315 1298 2374 illa
1339 2315 1462 2375 duo
1505 2314 1708 2392 (radix
1736 2315 1983 2374 illorum

227 2409 513 2489 quatuor)
569 2409 827 2489 aequalia
883 2410 1247 2490 rectangulo
1295 2409 1430 2470 AO.
1537 2410 1746 2471 Quare
1804 2410 1983 2470 radix

229 2504 511 2583 quadrati
538 2497 615 2564 ab
646 2504 754 2564 AC
791 2514 883 2565 est
914 2506 1058 2566 AO:
1104 2525 1288 2584 quam
1334 2505 1606 2565 radicem
1650 2515 1983 2585 geometrae

230 2598 405 2658 mixti
435 2612 683 2659 sumunt
712 2620 824 2679 pro
855 2601 1047 2660 latere
1080 2601 1209 2661 AC.

317 2693 502 2753 Quod
530 2703 734 2753 autem
766 2704 1027 2774 tangens
1052 2703 1133 2757 30
1157 2694 1462 2775 graduum
1485 2715 1611 2755 una
1641 2715 1783 2754 cum
1812 2704 1983 2755 recta

233 2787 338 2847 GL
387 2787 639 2865 aequalis
690 2788 771 2848 sit
816 2790 992 2849 radio
1042 2789 1171 2863 CG,
1219 2789 1612 2848 manifestum
1657 2798 1750 2849 est
1794 2809 1869 2848 ex
1909 2809 1984 2848 eo

235 2880 400 2961 quod
431 2880 533 2940 Aa
566 2881 786 2942 dividit
815 2893 1115 2944 sectorem
1145 2884 1308 2944 ACL
1345 2883 1650 2944 bifariam.
1739 2884 1902 2943 Nam
1933 2883 1986 2942 si

235 2977 421 3036 ducta
449 2974 830 3053 intelligatur
851 2988 1024 3039 recta
1046 2979 1158 3052 La,
1183 2988 1364 3039 erunt
1386 2979 1474 3039 Ca
1499 2989 1560 3039 et
1585 2980 1678 3039 La
1702 2979 1984 3057 aequaleS,

235 3082 299 3131 et
329 3070 589 3149 angulus
618 3070 766 3130 GLa
793 3082 998 3132 rectus
1023 3095 1037 3132 t
1084 3083 1147 3133 et
1174 3084 1523 3153 propterea,
1550 3075 1694 3153 quia
1724 3074 1986 3152 angulus

235 3166 392 3226 aGL
420 3175 511 3225 est
542 3165 918 3238 semirectuS‚
950 3179 1130 3229 erunt
1160 3170 1284 3242 GL,
1310 3170 1402 3229 La
1443 3169 1724 3248 aequales.
1817 3168 1986 3228 Quo-

235 3261 402 3320 niam
450 3280 597 3338 ergo
639 3259 734 3319 Ga
764 3269 826 3319 et
855 3261 948 3319 aC
989 3262 1167 3321 simul
1219 3273 1478 3342 sumptae
1529 3271 1672 3321 sunt
1722 3261 1986 3340 aequales

236 3355 416 3414 lateri
448 3354 571 3426 CG,
603 3353 789 3413 etiam
820 3354 915 3413 Ga
946 3363 1008 3414 et
1051 3355 1155 3416 GL
1186 3358 1366 3417 simul
1410 3366 1672 3435 sumptae
1722 3356 1989 3434 aequales

241 3458 385 3508 sunt
413 3447 612 3507 eidem
649 3447 779 3507 GC.
870 3447 1120 3509 Quanta
1165 3461 1372 3511 autem
1403 3451 1508 3511 GL
1537 3449 1634 3510 vel
1665 3449 1757 3509 Ca
1801 3450 1880 3509 sit
1922 3450 1988 3509 in

891 3668 918 3695 *
960 3667 1041 3716 Sic
1065 3669 1178 3716 edit.
1210 3671 1352 3718 1669.
