2462 4120
577 420 1104 463 MATHEMATICAE
1140 420 1544 462 HODIERNAE.
1863 403 1940 468 75

202 562 337 632 bus,
383 557 577 618 solida
619 558 846 618 solidis.
939 559 1096 619 Quae
1138 577 1284 617 vero
1330 559 1738 638 heterogenea
1782 568 1942 634 sunt,
2004 576 2256 613 DIALOGUS

205 655 441 714 diverso
480 673 705 732 genere
745 672 1048 712 mensurae
1090 661 1540 712 mensurantur.
1630 655 1735 713 Sin
1766 655 1944 715 lineae
2011 645 2251 732 „LE-,2

202 769 314 828 pro
359 748 779 808 minutissimis
824 746 1412 827 parallelogrammis
1460 749 1944 823 considerentur,

202 854 274 903 ut
303 843 378 902 ab
409 842 481 902 iis
512 842 982 902 considerantur
1011 841 1115 919 qui
1155 839 1446 900 methodo
1487 840 1947 901 demonstrandi

205 946 466 997 utuntur
505 957 596 1009 ea,
645 956 765 1015 qua.
816 936 1250 995 Bonaventura
1301 934 1649 994 Cavalerius
1693 937 1757 995 in
1801 936 1946 995 doc-

206 1032 370 1092 trina
418 1029 896 1089 Inclivisibiliam
952 1049 1097 1088 usus
1149 1038 1262 1099 est,
1307 1029 1623 1088 habebunt
1672 1030 1833 1089 inter
1884 1051 1946 1090 se

206 1127 507 1186 rationem
546 1125 733 1184 etiam
763 1124 944 1184 lineoe
981 1131 1168 1183 reetoe
1209 1133 1273 1183 et
1309 1124 1671 1203 superficies
1697 1124 1949 1203 planoe‚·

205 1230 503 1301 poterunt
541 1220 705 1279 enim
745 1220 899 1278 tales
937 1220 1116 1278 lineae
1157 1218 1575 1298 multiplicatae
1616 1219 1950 1297 quamlibet

207 1315 445 1376 finitam
475 1315 858 1394 superficiem
888 1314 1136 1393 planam
1166 1334 1473 1393 superare.

296 1410 377 1470 B.
423 1410 581 1469 Mihi
609 1420 816 1470 tamen
856 1410 1130 1470 definitio
1175 1410 1310 1469 haec
1348 1410 1652 1469 rationem
1693 1408 1856 1467 inter
1884 1428 1954 1468 36

211 1503 569 1577 habentium,
600 1524 678 1563 ne
703 1505 788 1563 sic
812 1504 1059 1583 quidem
1082 1503 1327 1563 videtur
1355 1514 1679 1572 accurata3
1723 1502 1953 1562 habent

212 1600 375 1659 enim
404 1601 707 1659 rationem
739 1600 902 1658 inter
931 1619 995 1659 se
1019 1619 1322 1658 mensurae
1350 1597 1772 1677 longitudinis,
1803 1606 1955 1657 tem-

211 1694 399 1773 poriS,
431 1703 494 1753 et
523 1703 766 1762 motus;
814 1702 874 1753 et
904 1703 1161 1773 possunt
1192 1693 1613 1772 multiplicatae
1645 1712 1710 1753 se
1740 1702 1954 1752 mutuo

214 1807 521 1866 superare.
608 1789 905 1847 Attamen
953 1787 1117 1848 inter
1161 1788 1388 1847 lineam
1434 1799 1498 1848 et
1541 1797 1805 1868 tempUS,
1859 1787 1958 1848 vel

212 1883 374 1942 inter
422 1882 649 1942 lineam
699 1892 762 1942 et
808 1892 1064 1955 motum,
1118 1883 1421 1943 rationem
1480 1902 1613 1943 esse
1664 1883 1787 1943 dici
1833 1903 1958 1943 non

212 1986 434 2056 potest.

214 2114 217 2116 -
296 2071 379 2132 Α.
423 2072 634 2132 Potest
663 2071 910 2151 quidem
940 2093 1065 2133 non
1097 2073 1297 2133 minus
1336 2073 1476 2147 dici,
1516 2094 1704 2153 quam
1739 2073 1963 2133 lineam

214 2187 350 2227 esse
392 2175 647 2247 tempus,
737 2167 858 2227 Sed
906 2169 1306 2229 Archimedes
1357 2170 1579 2248 aliique
1625 2179 1961 2249 geometrae

214 2282 337 2322 non
367 2262 566 2342 pauci,
609 2283 750 2322 cum
786 2273 1031 2342 tempus
1069 2284 1374 2344 exponere
1402 2265 1637 2339 volunt,
1680 2273 1831 2338 e3t0,
1868 2265 1962 2323 in-

214 2357 454 2436 quiunt,
485 2358 602 2416 AB
635 2365 872 2438 tempus
891 2381 913 2417 .·
960 2379 1111 2437 quos
1136 2380 1251 2439 ego
1282 2360 1550 2440 culpare,
1582 2381 1720 2420 cum
1754 2379 1965 2420 omnes

216 2451 637 2531 loquutionem
666 2451 833 2511 illam
861 2452 1019 2511 bene
1049 2453 1418 2534 intelligant,
1449 2475 1574 2516 non
1605 2455 1917 2515 auderem.

303 2546 384 2606 B.
428 2546 739 2605 Wallisius
770 2546 1045 2607 auderet.

302 2641 383 2701 A.
428 2642 719 2702 Definitio
751 2651 925 2702 sexta
954 2652 1049 2703 est
1079 2644 1351 2723 ejusdem
1381 2645 1668 2720 rationiS,
1710 2666 1848 2725 quae
1879 2647 1966 2707 sic

221 2756 285 2797 se
313 2737 520 2798 habet.

303 2831 382 2890 B.
430 2831 589 2892 Siste
633 2832 894 2911 gradum
938 2833 1266 2912 paulisper.
1356 2835 1579 2895 Nonne
1621 2836 1968 2916 analogiam

223 2925 405 2985 modo
436 2925 709 2987 definivit
737 2927 1043 3002 EuclideS‚
1094 2948 1226 2989 esse
1270 2929 1734 2991 similitudinem
1779 2931 1968 2990 ratio-

223 3039 372 3079 num
397 3019 418 3078 ?
503 3020 859 3081 Similitudo
889 3033 1099 3082 autem
1129 3024 1437 3084 rationum
1466 3033 1529 3084 et
1559 3025 1773 3084 eadem
1802 3024 1969 3084 ratio

217 3113 440 3173 eadem
470 3125 565 3174 est
592 3135 710 3176 res,
795 3117 1058 3177 Videtur
1088 3139 1235 3198 ergo
1266 3120 1418 3178 mihi
1447 3120 1813 3201 analogiam
1843 3119 1968 3179 sive

214 3208 685 3288 proportionem
714 3210 832 3270 hoc
861 3211 997 3272 loco
1027 3213 1248 3272 iterum
1282 3213 1556 3274 definire.

314 3300 396 3359 A.
441 3301 716 3363 Minime.
804 3306 976 3366 Nihil
1019 3307 1120 3366 hic
1166 3318 1480 3386 peccatur.
1572 3308 1738 3369 Quid
1787 3308 1968 3379 enim,

230 3395 281 3453 si
328 3394 462 3472 quis
506 3395 797 3455 hominem
843 3399 1127 3459 definiret
1174 3421 1304 3460 esse
1354 3401 1590 3461 animal
1636 3399 1967 3468 rationale,

229 3488 394 3567 apud
422 3489 658 3549 nescios
690 3491 836 3569 quid
860 3493 1096 3553 animal
1119 3493 1433 3554 rationale
1463 3494 1664 3555 esset?
1753 3496 1968 3571 Itaque

229 3584 291 3643 in
319 3583 672 3644 definitione
694 3585 810 3645 hac
841 3597 1016 3648 sexta
1045 3589 1197 3649 illud
1221 3590 1368 3668 agit,
1392 3598 1462 3648 ut
1478 3588 1968 3670 proportionem,

232 3678 358 3738 sive
389 3679 642 3740 eandem
673 3681 993 3756 rationem,
1027 3703 1139 3762 per
1166 3684 1628 3763 generationem
1662 3685 1790 3761 ejus
1821 3682 1969 3741 defi-
