2462 4120
166 552 416 583 DIALOGUS

268 621 314 653 V.

484 376 596 441 172
835 391 1279 436 EXAMINATIO
1316 396 1399 436 ET
1433 395 1847 438 EMENDATIO

561 529 640 588 B.
690 531 1020 592 Manifesta
1065 534 1196 593 haec
1248 546 1409 604 sunt,
1440 534 1548 593 sed
1576 555 1698 593 non
1743 533 1891 592 mihi
1922 531 2205 590 videntur

476 626 620 684 satis
650 626 949 704 respicere
979 627 1056 686 ad
1085 629 1375 707 angulum
1408 637 1746 687 contactus,

559 719 639 778 A.
686 719 838 779 Dico
857 721 1046 799 igitur
1069 722 1470 799 quantitatem
1496 721 1702 799 anguli
1726 729 2044 779 contactus
2075 735 2206 775 esse

475 813 882 891 quantitatem
935 815 1248 874 curvitatis
1293 815 1626 892 perimetri,
1659 834 1839 892 quam
1880 811 2204 890 contingit.

474 908 627 967 Vide
668 909 926 987 figuram
977 910 1155 981 hanc,
1195 909 1301 967 ubi
1350 908 1575 967 centris
1614 910 1671 967 A
1810 943 1843 974 G
2116 942 2142 972 c

474 1010 535 1060 et
560 1002 608 1061 B
641 1002 932 1081 descripti
963 1012 1106 1061 sunt
1137 1002 1258 1061 duo
1291 1002 1502 1060 circuli
1533 1002 1670 1072 CD,

475 1096 602 1170 ΟΕ,
648 1098 921 1176 contigui
966 1098 1030 1155 in
1077 1097 1149 1155 C.
1235 1096 1435 1154 Ducta
1465 1104 1669 1154 autem
1893 1123 1922 1153 F

473 1202 644 1251 recta
674 1193 787 1251 CD
819 1211 1030 1250 secans
1078 1191 1373 1249 circulum
1408 1190 1670 1249 alterum
1956 1217 1985 1247 E

472 1287 537 1345 in
566 1288 636 1358 E,
669 1287 928 1346 alterum
973 1286 1035 1344 in
1066 1285 1142 1357 D,
1173 1305 1296 1344 non
1345 1284 1526 1344 modo
1573 1305 1670 1344 os-

472 1382 670 1441 tendit
715 1381 875 1459 quod
922 1380 1146 1439 similes
1186 1399 1362 1438 arcus
1395 1379 1523 1452 ΟΕ,
1556 1379 1668 1438 OD
1762 1389 1794 1420 D

473 1476 769 1554 aequalem
815 1476 1042 1533 habent
1092 1474 1477 1545 curvitatem,
1529 1474 1636 1532 sed
1671 1474 1855 1532 etiam
1895 1475 2059 1553 quod
2102 1475 2206 1535 illa

475 1570 740 1628 curvitas
782 1569 1108 1628 distributa
1147 1569 1225 1627 sit
1266 1568 1329 1626 in
1374 1568 1589 1647 majori
1641 1568 1868 1627 circulo
1917 1589 2026 1647 per
2076 1590 2206 1630 ma-

463 1666 661 1741 jorem
691 1683 899 1722 arcum
932 1683 1114 1741 quam
1144 1662 1207 1720 in
1238 1662 1459 1720 minori
1484 1684 1497 1729 ;
1544 1672 1758 1722 contra
1780 1683 1942 1736 ver0,
1966 1674 2205 1742 partem

472 1759 584 1816 ΟΕ
616 1759 677 1816 in
709 1758 942 1816 minore
993 1757 1323 1835 perimetro
1361 1756 1553 1833 magis
1584 1777 1831 1815 curvam
1862 1777 1993 1816 esse
2024 1779 2204 1836 quam

469 1873 610 1931 pars
659 1852 975 1930 perimetri
1034 1851 1299 1928 majoriS,
1345 1860 1492 1928 puta
1547 1850 1672 1923 CF,
1718 1851 1832 1929 ipsi
1877 1853 2045 1911 arcui
2092 1853 2204 1912 ΟΕ

473 1948 740 2025 aequaliS,
783 1947 966 2025 idque
1014 1946 1077 2004 in
1122 1947 1357 2004 ratione
1404 1945 1647 2004 chordae
1694 1947 1939 2024 majoris
1983 1947 2095 2006 CD
2126 1948 2204 2007 ad

470 2043 761 2103 chordam
793 2042 1089 2101 minorem
1122 2041 1252 2114 ΟΕ,
1283 2040 1346 2099 id
1381 2049 1492 2113 est,
1525 2040 1587 2098 in
1633 2040 1868 2100 ratione
1907 2041 2061 2101 radii
2089 2042 2205 2102 AC

471 2138 550 2197 ad
574 2138 810 2196 radium
843 2137 978 2195 BC.

553 2233 635 2291 B.
682 2232 851 2290 Nihil
896 2230 1133 2291 clariuS.
1226 2230 1346 2289 Sed
1405 2229 1552 2308 quid
1604 2230 1736 2289 haec
1793 2228 1872 2289 ad
1915 2231 2205 2310 angulum

470 2325 831 2386 contactus?

555 2420 636 2480 A.
684 2421 961 2480 Ducatur
1008 2439 1155 2499 ergo
1193 2428 1452 2498 tangens
1497 2419 1624 2491 CG,
1657 2419 2206 2496 determinabitque

470 2516 572 2574 illa
623 2524 852 2594 quanto
893 2534 1068 2573 arcus
1109 2514 1236 2586 ΟΕ,
1267 2522 1519 2592 propter
1551 2514 1912 2572 curvitatem
1941 2532 2110 2571 suam
2140 2513 2204 2572 in

470 2629 617 2667 arcu
646 2609 902 2681 minore,
935 2607 1126 2685 magis
1156 2606 1390 2665 recedit
1422 2627 1458 2665 a
1488 2615 1777 2684 tangente
1813 2625 1997 2684 quam
2027 2625 2205 2665 arcus

472 2703 608 2771 CD,
638 2712 892 2782 propter
922 2702 1287 2760 curvitatem
1318 2700 1572 2759 eandem
1602 2700 1665 2758 in
1696 2719 1843 2758 arcu
1871 2701 2120 2777 majore.

557 2797 637 2856 B.
682 2798 877 2856 Video
927 2796 1182 2874 reliqua.
1270 2796 1463 2854 Recta
1506 2814 1543 2852 a
1587 2803 1818 2872 puncto
1866 2802 2203 2867 contactae,

471 2911 609 2950 cum
657 2902 824 2950 secet
871 2910 1081 2950 omnes
1141 2890 1400 2949 circulos
1446 2888 1768 2947 interiores
1820 2898 2205 2948 transeuntes

467 3005 578 3064 per
623 2985 671 3043 Ο
710 2985 1267 3063 proportionaliter,
1316 2983 1746 3042 determinabit
1793 2984 2204 3061 quantitatem

468 3079 782 3139 curvitatis
827 3098 1080 3137 arcuum
1119 3077 1442 3155 aequalium
1472 3077 1534 3135 in
1564 3097 1931 3155 unoquoque
1975 3077 2207 3136 circulo

469 3184 852 3250 sumptorum
885 3197 900 3238 ;
959 3182 1022 3229 et
1077 3170 1333 3248 proinde
1402 3190 1612 3228 earum
1679 3171 2052 3230 curvitatum
2110 3182 2206 3230 est

467 3286 789 3332 mensura;
837 3285 971 3343 quae
1001 3284 1286 3323 mensura
1316 3284 1455 3322 cum
1497 3265 1577 3323 sit
1614 3265 1777 3324 linea
1806 3275 1975 3325 recta
2005 3266 2200 3338 CED,

465 3369 667 3438 partes
699 3361 827 3438 ejus
858 3377 1088 3430 omneS,
1119 3358 1441 3436 applicatae
1473 3358 1585 3417 sibi
1623 3359 1906 3431 invicem,
1938 3359 2201 3437 aequales

465 3476 603 3514 cum
628 3454 960 3533 aequalibus
984 3461 1343 3531 congruent.
1409 3453 1613 3514 Quare
1644 3453 1852 3531 anguli
1883 3461 2200 3512 contactus

463 3551 627 3608 inter
651 3570 713 3608 se
737 3547 1099 3625 homogenei
1131 3557 1293 3618 sunt,
1319 3546 1664 3624 habentque
1690 3547 2115 3625 quantitatem,
2139 3555 2201 3606 et

466 3656 609 3704 sunt
640 3643 875 3723 angulis
907 3641 1236 3702 rectilineis
1275 3641 1687 3719 heterogenei.
1774 3642 1964 3720 Perge
1994 3640 2197 3700 mode.

2166 1249 2194 1282 B

2110 1355 2195 1386 -A
