2462 4120
798 424 1358 466 GEOMETRARUM.
1775 453 1779 457 .
1823 415 1944 468 413

203 589 338 630 esse
377 587 501 627 non
530 572 804 646 possunt,
837 563 947 623 sed
989 564 1054 622 in
1097 563 1373 641 ipsorum
1410 583 1662 623 arcuum
1710 565 1948 624 ratione
2040 589 2152 620 cAP.
2179 588 2230 618 x.

206 662 553 742 inaequaleS.
640 659 842 719 Etiam
874 668 945 717 ut
987 657 1408 736 longitudines
1449 658 1776 736 inaequales
1807 680 1948 738 qua·
2022 642 2269 743 m

207 769 387 818 tenus
418 753 832 833 longitudines
863 752 1088 812 similes
1114 752 1256 825 sint,
1284 751 1454 810 dictu
1484 753 1814 812 absurdum
1839 763 1947 813 est.
2022 752 2236 799 P¹⁵¹¹¹²¹›⁶‘⁰·

294 851 613 911 Hactenus
642 858 900 928 peccata
929 847 1363 907 definitionum
1393 847 1663 906 Euclidis
1695 848 1954 907 leviora:

213 966 349 1026 quae
379 955 606 1017 tamen,
633 944 684 1003 si
716 942 1271 1002 demonstrationes
1296 941 1494 1000 nullas
1519 941 1818 1015 inficiunt,
1843 962 1956 1020 pro

209 1040 393 1101 nullis
423 1040 783 1098 habeantur.
860 1036 1106 1097 Accedo
1131 1037 1259 1115 jam
1293 1035 1372 1094 ad
1403 1035 1790 1095 definitiones
1820 1037 1958 1095 Ele-

210 1134 406 1195 menti
427 1134 646 1214 quinti,
672 1153 806 1212 quae
830 1133 1144 1212 pertinent
1175 1130 1255 1190 ad
1280 1130 1624 1190 doctrinam
1650 1131 1958 1191 rationum

213 1239 279 1291 et
306 1229 798 1309 proportionum,
829 1226 1182 1308 geometriae
1211 1225 1562 1286 medullam.

925 1722 1099 1783 CAP.
1159 1722 1271 1781 XI.

852 1876 942 1917 DE
1007 1876 1342 1919 RATIONE.

228 1987 459 2047 PRIMA
484 1991 595 2057 est,
614 2003 784 2064 pars
804 1993 900 2044 est
922 1985 1287 2065 magnitudo
1312 1985 1756 2066 magnitudinis
1776 1986 1974 2045 minor

228 2080 508 2160 majoriS,
540 2099 672 2139 cum
697 2079 892 2138 minor
915 2080 1161 2139 metitur
1192 2081 1500 2158 majorem.
1592 2082 1657 2141 Si
1681 2101 1792 2160 per
1811 2102 1976 2162 par-

232 2183 352 2237 tem
402 2173 708 2252 intelligat
754 2185 995 2252 partem
1046 2174 1401 2252 aliquotam,
1451 2187 1514 2234 et
1559 2175 1722 2234 inter
1769 2185 1975 2254 partes

231 2270 534 2349 aliquotas
594 2278 878 2328 numerat
929 2278 1151 2342 totum,
1204 2269 1372 2345 (nam
1433 2271 1666 2349 aequale
1723 2271 1980 2330 metitur

234 2364 519 2445 aequale),
550 2364 713 2423 bona
742 2374 868 2424 est:
914 2373 976 2423 et
1006 2363 1222 2423 eadem
1251 2364 1316 2423 in
1344 2364 1522 2424 lineis
1553 2375 1645 2425 est
1673 2386 1792 2436 res,
1810 2385 1981 2446 pars

236 2467 301 2518 et
329 2477 629 2517 mensura.

322 2552 616 2612 Definitio
663 2552 881 2611 tertia:
933 2551 1127 2612 Ratio
1167 2561 1261 2611 est
1303 2553 1567 2613 duarum
1604 2554 1984 2635 magnitudi-

240 2666 381 2708 num
430 2645 698 2723 ejusdem
745 2646 1006 2727 generis
1064 2656 1274 2707 mutua
1322 2649 1606 2728 quaedam
1663 2649 1986 2708 secundum

243 2741 658 2819 quantitatem
709 2740 1022 2801 habitudo.
1113 2742 1266 2803 Quis
1320 2763 1394 2802 ex
1447 2743 1802 2803 definitione
1848 2745 1985 2816 hac,

246 2832 468 2893 Latina
492 2835 618 2894 sive
638 2834 870 2908 Graeca,
889 2845 1175 2896 naturam
1193 2838 1447 2897 rationis
1468 2839 1987 2918 comprehendere

246 2927 563 2987 intellectu
587 2929 824 3008 potest?
885 2931 1053 2991 Quid
1078 2932 1241 2991 enim
1264 2941 1357 2991 est
1386 2933 1658 3011 ejusdem
1676 2934 1931 3013 generis
1952 2937 1987 2992 ,9

250 3022 374 3082 Ubi
402 3022 520 3081 hoc
553 3023 619 3082 in
665 3024 1166 3086 antecedentibus
1218 3027 1588 3106 explicavit?
1679 3028 1846 3088 Quid
1896 3038 1989 3087 est

248 3115 403 3176 illud
433 3116 728 3194 quaedam,
762 3117 886 3176 sive
932 3118 1026 3195 (ut
1065 3120 1276 3180 Graece
1317 3122 1519 3199 sonat)
1566 3122 1863 3202 aliqualis
1882 3122 1991 3180 Iza-

253 3209 462 3269 titudo
488 3213 523 3270 ,9
632 3211 800 3271 Quid
845 3211 1109 3292 denique
1154 3214 1506 3275 habitudo?
1609 3217 1826 3295 Neque
1871 3217 1990 3275 hoc

251 3324 510 3382 usquam
535 3303 830 3374 definivit,
860 3325 1058 3384 neque
1084 3309 1513 3386 quantitatem.

340 3398 551 3457 Ideam
580 3398 835 3458 rationis
871 3399 975 3477 (de
995 3419 1115 3478 qua
1135 3402 1254 3462 hoc
1282 3404 1419 3463 loco
1443 3402 1754 3478 Euclides)
1780 3422 1990 3461 omnes

255 3491 593 3571 perfectam
641 3492 891 3552 habent.
978 3493 1291 3555 Mercator
1339 3498 1474 3569 scit,
1523 3517 1599 3556 ex
1652 3497 1993 3574 quantitate

255 3585 492 3645 collatae
523 3606 559 3644 a
588 3605 651 3644 se
681 3586 975 3664 pecuniae,
1007 3599 1303 3665 quantum
1342 3591 1568 3650 habere
1610 3589 1789 3648 debet
1818 3590 1992 3648 lucri.

259 3679 528 3739 Colonus
559 3699 682 3739 non
711 3679 953 3757 ignorat
985 3693 1279 3759 quantum
1303 3704 1482 3745 usum
1503 3684 1633 3763 agri
1657 3685 1994 3745 communis
