2462 4120
540 383 1063 428 MATHEMATICAE
1101 383 1507 425 HODIERNAE.
1797 374 1911 426 159

181 530 304 590 sius
333 525 622 588 autemid
653 523 958 604 negando,
988 523 1340 602 imperitum
1373 542 1437 580 se
1484 523 1753 583 ostendit
1797 525 1907 583 lin·
1970 545 2222 580 mALoGus

180 644 319 702 guae
348 623 592 691 Graecae,
618 621 802 680 etiam
835 620 965 698 ejus
995 638 1116 697 qua
1159 625 1420 676 utuntur
1465 629 1813 694 geometrae,
1846 630 1915 678 ut
2070 615 2139 645 xv.
2215 669 2225 682 .

183 720 247 778 in
275 717 476 778 verbis
517 717 592 776 ab
633 716 766 794 ipso
806 714 1077 774 recitatis
1116 711 1507 771 manifestum
1552 722 1660 783 est,
1691 726 1742 770 οὐ
1787 726 1917 785 λέγει

186 815 252 860 bri
280 811 357 860 δύο
392 813 528 872 λόγοι
555 817 633 858 τοῦ
670 810 770 863 ἑνὸς
813 809 1039 857 διπλάσιοι
1076 807 1182 864 εἰσὶ,
1220 808 1291 853 καὶ
1317 812 1449 854 τοῦτο
1470 825 1562 868 μεν
1608 807 1746 870 mist*
1793 812 1922 855 ἀλλα

186 912 255 959 firi
279 914 304 957 ὁ
326 911 471 971 λόγος
495 911 519 957 ὁ
543 911 589 956 ἐκ
611 917 702 956 τῶν
722 907 798 955 δύο
824 906 1077 955 διπλασίων
1102 907 1198 953 ἐςὶε
1229 894 1295 954 ld
1314 905 1426 968 est,
1450 915 1566 953 non
1590 895 1744 954 diCit
1768 896 1923 955 duas

186 993 464 1054 rationes
494 993 670 1052 unius
696 1012 832 1051 6336
863 989 1111 1070 dupZaS,
1144 989 1312 1069 quod
1337 998 1540 1049 tamen
1572 997 1668 1047 est
1698 1010 1922 1063 verum,

187 1088 306 1148 sed
328 1087 627 1147 rationem
672 1107 748 1146 ex
801 1084 1042 1145 duabus
1092 1083 1491 1166 compositam
1541 1103 1679 1142 6336
1719 1083 1927 1164 dupli-

191 1191 411 1243 catam.

280 1277 361 1337 B.
408 1277 551 1336 Non
581 1275 773 1354 capi0.
860 1274 1094 1333 Vellem
1124 1273 1434 1352 professor
1471 1281 1681 1331 noster
1728 1280 1932 1331 osten-

196 1373 388 1432 disset
413 1390 601 1449 quare
632 1370 770 1430 duae
798 1369 1065 1428 rationes
1096 1368 1361 1447 aequales
1409 1367 1762 1446 compositae
1810 1386 1933 1426 non

196 1467 433 1527 faciunt
462 1465 763 1524 rationem
802 1463 983 1522 unius
1033 1463 1301 1542 duplam,
1332 1473 1395 1522 et
1443 1482 1630 1542 quare
1683 1461 1936 1540 duplum

199 1562 402 1640 simpli
423 1581 546 1620 non
577 1561 655 1619 sit
681 1559 956 1638 ejusdem
986 1558 1187 1637 simpli
1219 1558 1616 1638 duplicatum.

285 1657 366 1716 A.
414 1655 537 1715 Sed
565 1656 783 1714 harum
811 1673 1034 1713 vocum
1085 1653 1274 1712 alium
1320 1672 1562 1731 sensum
1615 1673 1743 1712 esse
1792 1652 1940 1712 dicit

201 1751 365 1831 apud
393 1750 878 1810 mathematicos

290 1845 370 1906 B.
419 1844 642 1905 Credo,

285 1939 367 2000 A.
411 1940 491 1999 Et
515 1959 650 2019 egO,
677 1940 792 1999 etsi
821 1959 944 1999 non
972 1959 1231 2018 semper,
1262 1948 1466 1999 tamen
1499 1940 1832 2019 saepissime
1858 1939 1945 1999 ita

206 2055 356 2096 esse.
444 2034 516 2094 Id
541 2033 707 2115 quod
743 2055 818 2093 ex
855 2055 926 2094 eo
960 2034 1236 2112 contigit,
1280 2035 1463 2113 quod,
1497 2045 1566 2094 ut
1615 2035 1740 2094 dixi
1785 2044 1945 2106 ante,

205 2149 330 2190 non
359 2129 492 2189 ausi
522 2137 662 2188 sunt
691 2129 992 2188 rationem
1021 2128 1275 2187 minoris
1301 2129 1379 2187 ad
1409 2129 1670 2188 mediam
1697 2130 1946 2209 duplam

206 2244 336 2284 esse
371 2223 572 2283 dicere
601 2223 859 2282 rationis
891 2223 1159 2301 ejusdem
1197 2223 1447 2283 minoris
1472 2225 1551 2284 ad
1597 2225 1946 2286 maximam.

210 2319 365 2381 Quae
422 2328 628 2378 tamen
685 2317 1109 2396 magnitudine
1168 2317 1354 2397 dupla
1406 2328 1518 2393 est,
1576 2340 1945 2398 quamquam

208 2434 463 2474 numero
506 2414 810 2472 rationum
866 2413 1156 2483 dimidia;
1202 2425 1271 2473 ut
1315 2415 1471 2474 ratio
1513 2423 1534 2474 l
1573 2415 1652 2474 ad
1683 2424 1719 2476 2
1764 2415 1949 2495 dupla

211 2519 305 2569 est
341 2509 596 2568 rationis
634 2516 656 2567 1
697 2508 777 2567 ad
805 2516 842 2567 4
894 2508 1254 2586 quantitate,
1288 2509 1401 2568 etsi
1446 2521 1680 2583 contra,
1721 2510 1877 2570 ratio
1918 2519 1940 2569 l

213 2603 293 2664 ad
319 2612 356 2665 4
391 2603 576 2682 dupla
614 2604 711 2677 sit,
744 2604 794 2662 si
841 2613 1080 2682 spectes
1122 2604 1431 2664 rationum
1481 2626 1841 2665 numerum:
1886 2605 1950 2664 id

216 2699 380 2778 quod
401 2719 560 2778 saepe
590 2699 738 2759 alias
769 2699 913 2770 dixi,
944 2699 1252 2772 nimirum,
1274 2700 1338 2759 in
1367 2701 1704 2761 rationibus
1753 2701 1950 2760 mino-

217 2793 300 2852 ris
328 2793 408 2852 ad
447 2795 762 2873 majorem,
795 2814 932 2873 quae
963 2804 1106 2853 sunt
1146 2795 1413 2854 rationes
1468 2795 1762 2869 defectUS,
1796 2796 1951 2855 mul-

218 2886 522 2965 tiplicatio,
574 2889 884 2949 rationum
945 2889 1350 2967 quantitatem
1400 2890 1654 2950 rationis
1712 2891 1952 2962 minuit,

223 2980 436 3040 divisio
477 2992 678 3060 auget.
764 2983 1021 3056 Deinde,
1047 2983 1213 3062 quod
1237 2984 1623 3063 Meybomius
1663 2986 1830 3059 dicit,
1881 2986 1955 3045 Si

223 3074 525 3134 rationum
553 3077 917 3156 magnitudo
936 3077 1023 3136 sit
1042 3077 1453 3157 emploranda,
1482 3079 1598 3139 illa
1622 3082 1821 3159 major
1839 3089 1953 3153 63ί,

226 3170 400 3247 cujus
430 3169 671 3228 termini
717 3170 965 3252 longius
995 3172 1159 3231 inter
1187 3192 1256 3232 36
1277 3172 1535 3247 distant,
1579 3175 1799 3234 falsum
1829 3184 1954 3234 est:

224 3281 368 3323 nam
407 3271 430 3322 l
468 3263 604 3323 ad2
639 3266 932 3343 majorem
954 3267 1140 3326 habet
1158 3268 1462 3328 rationem
1493 3289 1674 3347 quam
1710 3278 1730 3330 l
1770 3270 1848 3329 ad
1879 3277 1954 3337 43

228 3378 369 3417 cum
393 3367 598 3416 tamen
626 3360 872 3419 termini
909 3369 1020 3420 let
1048 3369 1085 3421 4
1127 3362 1370 3441 longius
1410 3364 1572 3422 inter
1615 3384 1678 3424 se
1730 3364 1959 3425 distent

231 3472 412 3531 quam
452 3459 474 3510 1
515 3461 575 3510 et
615 3461 673 3512 2.
763 3454 945 3514 Quod
990 3457 1172 3515 etiam
1197 3458 1352 3517 vidit
1383 3459 1712 3519 Wallisius.
1802 3460 1960 3517 Rur-

747 3662 774 3689 *
817 3657 897 3706 Sic
920 3658 1049 3707 Edit.
1083 3664 1209 3709 1660
1232 3670 1281 3710 et
1310 3666 1450 3710 1668.
