2462 4120
223 581 334 614 CAP.
361 581 430 614 XI.

215 686 272 721 De
288 687 438 722 ratione.

517 407 635 459 414
754 418 843 460 DE
877 420 1259 462 PRINCIPHs
1296 420 1378 461 ET
1411 421 2007 462 RATlom-NATIONE

515 557 740 616 habere
772 558 972 632 debet,
1005 580 1079 619 ex
1110 561 1454 639 quantitate
1485 561 1615 638 agri
1646 561 1759 619 sibi
1787 560 2039 638 proprii.
2083 559 2243 618 Mer-

515 662 706 725 cator,
734 654 837 732 qui
865 655 1110 714 tertiam
1139 665 1376 733 partem
1408 656 1644 715 collatae
1667 656 1942 733 pecuniae
1966 654 2244 725 contulit,

516 747 722 805 statim
748 748 910 807 dicet
939 748 1199 808 debere*
1231 750 1345 808 sibi
1375 750 1618 808 tertiam
1644 758 1880 827 partem
1911 748 2083 807 lucri.
2130 748 2247 807 Co-

517 841 695 900 lonus
733 842 838 920 qui
878 843 1151 921 possidet
1195 844 1438 902 tertiam
1483 852 1718 921 partem
1759 843 1890 921 agri
1939 841 2243 921 privatim,

512 946 795 1014 prompte
823 938 1156 1015 postulabit
1185 938 1430 997 tertiam
1460 948 1700 1015 partem
1729 956 1872 995 usus
1902 937 2033 1014 agri
2080 956 2246 995 com-

514 1031 732 1089 111111115.
820 1032 1254 1110 Unusquisque
1301 1033 1462 1090 enim
1501 1031 1672 1090 videt
1717 1031 1914 1090 inesse
1960 1031 2024 1090 in
2063 1051 2137 1090 ea
2178 1051 2246 1089 re

512 1125 1037 1202 comparationem
1069 1125 1427 1203 quantitatis
1452 1124 1529 1183 ad
1555 1125 1980 1202 quantitatem,
2003 1124 2246 1202 quanti-

513 1218 657 1277 tatis
688 1219 938 1297 expensi
976 1219 1054 1277 ad
1084 1219 1490 1297 quantitatem
1535 1217 1790 1295 accepti.
1879 1218 2001 1277 Sed
2046 1218 2246 1277 ideam

511 1312 671 1372 hanc
699 1313 788 1371 ita
818 1313 1091 1371 oratione
1129 1312 1401 1390 generali
1445 1311 1764 1389 adaequate
1806 1311 2148 1389 complecti,
2178 1321 2249 1370 ut

511 1405 654 1464 inde
712 1407 954 1484 regulas
1011 1407 1325 1484 generales
1385 1406 1802 1465 demonstrare
1861 1405 2071 1483 possit,
2122 1425 2248 1465 non

509 1500 687 1559 facile
717 1510 918 1578 potest
946 1501 1381 1578 unusquisque.
1473 1500 1660 1558 Juxta
1690 1499 1848 1557 hanc
1885 1498 2086 1558 ideam
2116 1499 2247 1558 vul-

509 1614 739 1671 garem,
779 1595 1238 1673 proportionem
1278 1595 1342 1652 in
1385 1594 1653 1652 numeris
1690 1593 1919 1671 optime
1972 1593 2248 1654 definivit

510 1689 814 1760 EuclideS,
846 1689 983 1747 Def.
1016 1697 1116 1748 24.
1148 1689 1338 1747 Elem.
1373 1688 1495 1747 vii:
1544 1686 1659 1746 etsi
1689 1707 1760 1746 eo
1809 1687 1942 1745 loco
1981 1707 2107 1746 non
2150 1708 2246 1748 ra-

511 1783 760 1855 tionem,
814 1784 921 1842 sed
970 1784 1433 1862 proportionem
1485 1783 1670 1842 dicat.
1784 1783 2247 1861 Proportionem

511 1885 717 1936 autem
756 1876 819 1935 in
849 1878 968 1936 alio
1009 1897 1190 1936 sensu
1232 1877 1382 1936 dicit
1428 1877 1493 1935 in
1538 1876 1674 1935 Def.
1723 1884 1782 1936 4.
1826 1877 2015 1936 Elem.
2049 1899 2105 1951 v,
2135 1899 2246 1956 pro

511 1972 818 2030 rationum
851 1972 1268 2032 similitudine.
1358 1971 1541 2032 Quod
1572 1971 1743 2048 parvi
1783 1972 2076 2031 momenti
2105 1992 2248 2051 pec-

511 2074 719 2124 catum
751 2074 862 2136 est,
891 2066 1010 2124 nisi
1045 2065 1208 2144 quod
1237 2065 1650 2124 inconstantia
1690 2065 1754 2122 in
1783 2065 2094 2124 vocabulis
2126 2065 2249 2144 sig-

513 2179 661 2218 num
685 2161 762 2219 sit
785 2160 1170 2219 obscuritatis
1200 2160 1264 2218 in
1294 2159 1630 2218 intellectu,
1706 2157 1828 2217 Sed
1859 2159 2058 2218 ideam
2080 2159 2247 2219 illam

514 2273 697 2331 quam
726 2254 941 2313 habuit
979 2254 1264 2313 Euclides
1295 2275 1334 2312 a
1370 2252 1670 2333 partibus
1711 2251 1922 2311 iisdem
1971 2273 2249 2313 numero-

512 2366 666 2421 rum,
698 2348 1225 2426 magnitudinibus
1255 2368 1391 2426 quae
1421 2367 1544 2406 non
1577 2366 1818 2425 semper
1857 2356 1999 2406 sunt
2036 2357 2104 2408 ut
2134 2368 2248 2407 1111-

513 2461 715 2501 merus
746 2443 825 2501 ad
854 2462 1176 2501 numerum
1221 2442 1511 2519 adaptare
1552 2460 1677 2499 non
1721 2441 1941 2518 potuit.
2032 2442 2248 2521 Itaque

514 2536 736 2595 omissa
764 2537 867 2596 illa
896 2537 1292 2615 responsione
1310 2535 1596 2615 partium
1626 2534 1716 2593 ad
1732 2545 1975 2612 partem,
1999 2545 2248 2596 coactus

513 2641 606 2690 est
634 2631 835 2690 ideam
865 2631 1046 2691 aliam
1077 2650 1351 2709 quaerere
1394 2640 1526 2689 tum
1571 2628 2084 2707 magnitudinum,
2116 2639 2250 2690 tum

510 2745 907 2784 numerorum
937 2744 1342 2785 communem.
1432 2725 1708 2782 Noverat
1739 2723 1802 2782 in
1828 2732 2091 2802 quatuor
2112 2744 2252 2803 pro-

510 2818 952 2898 portionalibus
983 2819 1245 2897 primum
1277 2817 1356 2876 ad
1385 2817 1721 2876 secundum
1762 2817 1854 2875 ita
1893 2837 1962 2876 se
2006 2816 2249 2890 habere,

516 2913 774 2990 (Graece,
803 2925 941 2976 οὕτως
965 2912 1141 2989 ἔχειν),
1173 2920 1243 2970 ut
1272 2911 1525 2970 tertium
1555 2910 1633 2969 ad
1655 2919 1960 2988 quartum.
2034 2911 2250 2990 Itaque

513 3027 551 3067 a
580 3007 954 3086 cogitatione
984 3006 1152 3066 vocis
1193 3006 1287 3065 ita
1330 3005 1572 3078 habeat,
1604 3006 1778 3084 quasi
1823 3006 1899 3064 ab
1941 3005 2080 3065 idea
2119 3006 2252 3084 ipsa

514 3102 605 3161 rei
638 3102 959 3179 (converso
990 3101 1176 3160 verbo
1209 3108 1337 3174 ἔχειν
1366 3099 1430 3158 in
1460 3119 1687 3158 nomen
1718 3110 1894 3173 σχέσις,
1927 3119 2035 3159 seu
2063 3101 2250 3159 verbo

514 3194 742 3255 habere
771 3196 836 3254 in
867 3215 1091 3255 nomen
1121 3193 1444 3271 habitudo)
1479 3194 1768 3253 formavit
1806 3194 2061 3253 rationis
2103 3193 2252 3253 defi-

516 3290 812 3350 nitionem
841 3289 1008 3348 illam
1038 3288 1326 3361 sterilem,
1346 3287 1514 3347 ratio
1531 3295 1624 3346 est
1655 3289 1915 3348 duarum
1942 3287 2249 3368 magnitu-

517 3384 721 3444 dinum
744 3383 1013 3462 ejusdem
1026 3383 1284 3462 generis
1310 3382 1632 3441 secundum
1664 3383 2067 3462 quantitatem
2087 3381 2250 3441 habi-

518 3480 663 3539 tudo
686 3478 980 3558 quoedam:
1009 3497 1226 3536 sonum
1245 3479 1571 3537 verborum
1591 3486 1832 3536 secutus
1850 3497 1962 3556 pro
1980 3476 2120 3536 idea
2139 3475 2250 3535 rei.

602 3579 949 3653 Antequam
999 3573 1302 3632 rationem
1350 3572 1657 3646 definiam,
1706 3572 2115 3631 necessarium
2161 3578 2251 3628 est

942 3729 969 3756 ³*
1006 3726 1086 3775 Sic
1110 3727 1224 3774 edit.
1257 3729 1397 3774 1668.
1450 3726 1624 3785 Quaere
1647 3725 1837 3773 deberi?
