2462 4120
639 389 1161 433 MATHEMATICAE
1196 393 1600 435 HomERNAE.
1865 385 1985 438 205

836 633 1250 677 PROPOSITIO
1282 635 1409 677 VII.

340 730 615 810 Spatium
645 731 979 810 cycloidale
1014 732 1325 791 internum
1357 731 1473 791 BA
1472 732 1544 809 s,
1593 735 1991 811 comprehen-

255 844 390 884 sum
412 845 449 884 a
470 833 643 903 parte
666 825 958 904 cycloidis
983 826 1032 884 B
1036 827 1103 906 f
1120 835 1184 885 et
1214 826 1450 886 duabus
1480 828 1663 885 rectis
1694 829 1830 900 AB,
1864 830 1917 888 A
1917 830 1989 907 f,

254 929 501 997 superat
532 918 980 979 semicirculum
1014 920 1376 1000 genitorem,
1423 930 1663 980 tantum
1696 932 1992 999 quantum

253 1024 345 1073 est
372 1012 683 1072 trilineum
714 1019 750 1071 6
746 1013 883 1092 sm

337 1108 518 1182 Nam,
563 1127 675 1187 per
713 1109 1184 1187 praecedentem,
1237 1111 1496 1190 spatium
1547 1109 1993 1188 quadrilineum

256 1201 488 1262 Bcem
525 1203 757 1281 aequale
797 1213 890 1264 est
937 1204 1264 1283 quadranti
1299 1204 1498 1264 ABC.
1589 1204 1797 1264 Quare
1851 1225 1990 1283 qua-

255 1296 581 1357 drilineum
611 1298 727 1357 AB
748 1306 852 1358 7726
878 1299 1110 1378 aequale
1151 1309 1245 1358 est
1275 1299 1656 1359 semicirculo
1686 1300 1950 1377 genitori
1976 1326 1991 1368 ;

254 1392 355 1451 cui
383 1392 433 1451 si
462 1392 725 1452 addatur
749 1393 1060 1453 trilineum
1082 1394 1255 1473 7126f²
1280 1394 1350 1453 fit
1374 1393 1638 1472 spatium
1662 1394 1993 1472 cycloidale

254 1486 562 1566 integrum
587 1487 703 1546 BA
702 1486 776 1566 f
829 1488 1106 1566 Spatium
1131 1508 1277 1567 ergo
1309 1487 1641 1568 cycloidale
1666 1488 1782 1547 BA
1777 1488 1849 1567 f,
1875 1499 1991 1550 etc.

258 1580 440 1642 Quod
471 1592 602 1641 erat
633 1582 1195 1642 demonstrandum.

817 1759 1234 1800 PROPOSITIO
1270 1753 1426 1801 VII‘I.

338 1854 404 1913 Si
433 1853 691 1913 ducatur
718 1863 887 1914 recta
915 1855 1056 1928 DC,
1103 1865 1163 1915 et
1210 1857 1594 1934 producatur
1644 1857 1723 1916 ad
1775 1857 1891 1917 BG
1929 1859 1992 1918 in

253 1947 312 2008 N
338 1974 353 2017 ;
392 1949 608 2027 juncta
639 1949 753 2008 FN
784 1950 1069 2009 transibit
1099 1971 1209 2029 per
1238 1952 1614 2031 punctums.

337 2043 491 2103 Cum
520 2044 683 2102 enim
713 2043 840 2102 DN
869 2053 1141 2104 transeat
1177 2065 1288 2124 per
1319 2046 1386 2119 C,
1434 2047 1549 2106 erit
1580 2047 1701 2106 BN
1741 2048 1991 2126 aequalis

253 2138 548 2199 diametro
576 2139 714 2198 BD.
802 2139 883 2198 Et
913 2141 1201 2218 quoniam
1236 2141 1350 2200 BG
1393 2152 1485 2201 est
1531 2142 1781 2222 aequalis
1822 2145 1992 2203 arcui

252 2234 616 2294 semicirculi
645 2234 964 2313 genitoriS‚
997 2235 1112 2294 erit
1152 2235 1274 2294 GN
1322 2255 1602 2296 excessus
1648 2258 1767 2316 quo
1816 2259 1991 2298 arcus

252 2328 431 2388 BCD
491 2339 739 2409 superat
798 2329 1166 2389 diametrum
1215 2331 1350 2390 BD.
1465 2332 1575 2391 Est
1633 2342 1839 2392 autem
1891 2336 1990 2393 6E

251 2425 517 2485 semissis
561 2424 746 2503 ipsius
796 2424 928 2497 BG,
981 2435 1044 2484 et
1094 2432 1130 2484 6
1127 2425 1195 2505 f
1226 2426 1487 2485 semissis
1534 2426 1815 2487 diametri
1866 2430 1989 2489 sive

250 2530 437 2579 rectae
462 2519 604 2578 BN.
655 2518 861 2579 Quare
891 2528 1060 2578 recta
1087 2519 1137 2578 E
1134 2519 1202 2598 f
1218 2530 1312 2579 est
1344 2520 1606 2580 semissis
1637 2532 1821 2582 rectae
1847 2524 1987 2583 GN.

250 2612 452 2672 Etiam
482 2614 588 2673 FE
618 2622 711 2673 est
751 2614 1015 2673 semissis
1058 2614 1183 2674 FG.
1277 2616 1364 2675 Ut
1408 2635 1555 2695 ergo
1596 2617 1703 2677 FG
1735 2618 1814 2678 ad
1845 2619 1987 2692 GN,

251 2708 339 2767 ita
375 2709 482 2768 FE
512 2708 588 2768 ad
632 2709 682 2768 E
678 2708 752 2788 f
838 2709 1084 2769 Transit
1126 2730 1272 2790 ergo
1303 2711 1419 2770 FN
1450 2731 1560 2790 per
1596 2723 1895 2791 punctum
1914 2714 1986 2792 f.

255 2803 439 2864 Quod
467 2812 597 2863 erat
627 2804 1191 2864 demonstrandum.

849 2979 1262 3022 PROPOSITIO
1297 2982 1397 3024 IX.

334 3073 730 3152 Triangulum
777 3077 1158 3138 rectilineum
1203 3080 1367 3160 EFs
1383 3081 1613 3160 aequale
1655 3091 1747 3141 est
1792 3083 1986 3161 spatio

250 3170 592 3247 intercepto
621 3169 780 3229 inter
808 3191 1017 3232 arcum
1049 3174 1407 3252 quadrantis
1429 3176 1593 3236 ABC
1622 3185 1684 3236 et
1713 3177 1985 3255 ejusdem

251 3265 618 3325 subtensam.

333 3357 734 3436 Triangulum
782 3359 941 3419 GEF
989 3363 1221 3441 aequale
1273 3376 1365 3424 est
1413 3366 1739 3444 quadranti
1784 3365 1980 3425 ABC.

252 3453 330 3512 Et
350 3451 636 3531 quoniam
656 3450 758 3529 6f
774 3454 1023 3530 aequalis
1047 3467 1137 3516 θεῖ
1160 3458 1630 3533 semidiametro,
1656 3460 1770 3519 erit
1793 3460 1981 3518 trian-

251 3546 463 3624 gulum
493 3545 624 3625 Ff6
659 3546 891 3623 aequale
923 3548 1173 3612 dimidio
1206 3554 1505 3630 quadrato
1536 3556 1611 3614 ab
1639 3555 1707 3633 s
1716 3561 1772 3613 6.
1862 3554 1979 3612 Re-

250 3641 484 3719 liquum
519 3639 707 3719 igitur
753 3640 1127 3719 triangulum
1162 3646 1541 3719 rectilineum
1573 3647 1735 3727 FEf
1751 3647 1982 3725 aequale

2058 549 2310 581 DIALOGUS

2148 617 2215 648 VI.

2060 675 2296 702 *7⁴
