2522 4152
207 560 454 592 DIALOGUS

313 628 345 659 Ι.

528 390 596 441 14
880 398 1327 442 EXAMINATIO
1363 402 1446 443 ΕΤ
1479 402 1888 445 EMENDATIO

601 537 682 596 B.
726 537 1096 619 Exemplum
1142 559 1180 599 a
1223 539 1413 599 simili
1453 539 1715 599 derivari
1750 540 1938 608 dicit;
1984 539 2241 619 ideoque

517 651 642 690 non
673 631 1011 712 exemplum
1042 633 1148 693 sed
1178 632 1544 714 exsemplum
1575 634 1796 693 debere
1828 633 2028 693 scribi.

598 724 679 783 A.
727 725 958 786 Quidni
1003 735 1063 786 et
1106 748 1322 786 eoesero
1361 747 1471 806 pro
1511 748 1716 801 exerc,
1766 737 1826 787 et
1870 727 2100 786 exsisto
2129 749 2241 807 pro

515 819 735 892 exista,
766 830 827 878 et
855 841 1039 879 exsuo
1068 842 1179 899 pro
1206 842 1377 891 casua,
1412 831 1472 881 et
1495 822 1797 901 exsequia?
1819 842 1929 900 pro
1952 823 2241 902 exequiae,

515 922 577 972 et
607 913 825 973 similia
852 914 1046 974 multa
1087 915 1270 974 scribi
1293 917 1505 994 jubet3
1551 916 1754 993 qualia
1789 935 1966 974 nemo
1996 915 2243 975 Latino-

511 1026 650 1066 rum
691 1028 963 1087 unquam
1006 1009 1291 1087 scripsit?
1377 1010 1607 1069 Eadem
1653 1010 1815 1068 enim
1859 1019 1951 1068 est
1991 1009 2146 1069 ratio
2179 1011 2243 1069 in

511 1101 626 1174 his,
659 1122 793 1179 quae
823 1102 885 1160 in
915 1102 1267 1182 exemplum.
1357 1103 1553 1162 Credo
1577 1123 1846 1180 sperasse
1875 1103 2045 1162 illum
2075 1105 2244 1163 novi-

513 1203 640 1254 tate
687 1197 799 1255 hac
846 1197 975 1256 fore
1019 1197 1184 1268 olim,
1231 1205 1298 1255 ut
1344 1196 1820 1274 distingueretur
1867 1197 1941 1255 ab
1981 1197 2242 1257 indoctis

514 1289 859 1349 hominibus
882 1291 1061 1368 hujus
1086 1290 1292 1349 seculi.
1357 1289 1479 1348 Sed
1502 1300 1662 1348 errat
1686 1312 1698 1347 :
1746 1290 1903 1348 sicut
1929 1291 2089 1349 enim
2113 1293 2244 1350 nul-

512 1383 629 1442 lius
648 1384 986 1464 exemplum
1004 1393 1246 1443 secutus
1271 1393 1364 1442 est
1385 1383 1506 1455 ille,
1526 1384 1613 1442 ita
1634 1404 1812 1442 nemo
1835 1383 1995 1443 illius
2017 1404 2244 1444 esc-sem-

501 1476 677 1557 plum
720 1487 813 1537 est
856 1487 1235 1556 sequuturus.
1327 1477 1449 1536 Sed
1479 1497 1759 1555 quaenam
1800 1487 1941 1536 sunt
1972 1498 2060 1551 ea,
2107 1499 2242 1557 quae

513 1573 780 1651 appellat
809 1573 1187 1631 condimenta
1204 1571 1640 1651 philosophica
1662 1575 1696 1631 ,9

595 1665 671 1725 B.
719 1666 976 1734 Nesci03
1030 1665 1148 1726 nisi
1193 1685 1264 1724 ea
1308 1665 1614 1743 intelligat
1660 1685 1795 1743 quae
1843 1664 2125 1725 disseruit
2167 1665 2242 1725 de

512 1768 732 1819 natura
760 1760 1226 1832 mathematicae,
1259 1767 1321 1818 et
1345 1759 1419 1819 de
1441 1768 1660 1818 natura
1685 1759 2240 1820 demonstrationis

596 1854 676 1912 A.
724 1855 1053 1932 Pergamus
1095 1875 1240 1933 ergo
1272 1853 1352 1913 ad
1389 1854 1623 1932 reliqua
1655 1854 1945 1932 Epistolae
1984 1854 2245 1914 Dedica-

511 1948 703 2007 toriae.
766 1949 1077 2008 Excusans
1101 1969 1164 2008 se
1189 1948 1352 2027 quod
1373 1947 1605 2007 tardius
1623 1948 1917 2026 prodierit
1940 1949 2093 2007 liber
2115 1951 2245 2028 ejus

510 2062 692 2120 quam
739 2052 1088 2120 speraverat
1113 2043 1494 2114 ;—Interea‚
1544 2043 1763 2121 inquit,
1814 2042 2108 2122 temporis
2151 2043 2245 2102 bis

509 2135 872 2196 occurrebat
897 2137 1305 2218 castigandus
1329 2136 1399 2195 H
1402 2136 1611 2196 obbius
1629 2159 1654 2204 ,·
1682 2137 1919 2196 Latine
1937 2137 2208 2216 primum
2220 2160 2245 2206 ‚-

509 2230 785 2290 Elencho
808 2251 935 2290 meo
967 2231 1028 2290 in
1059 2231 1257 2311 ipsum
1281 2230 1467 2304 edim,
1493 2251 1611 2310 quo
1640 2230 1841 2310 ipsius
1866 2231 1928 2289 in
1957 2230 2117 2289 libro
2141 2231 2241 2291 DE

511 2324 839 2384 CORPORE
882 2335 1222 2399 ἀγεωμετρησὶα
1262 2325 1640 2405 CdStigatuY,
1684 2332 1746 2384 CC
1768 2325 2000 2404 saStuS
2040 2326 2244 2405 repri-

509 2419 695 2478 mitur
706 2441 731 2487 ,·
771 2418 988 2478 deinde
1019 2426 1083 2477 et
1109 2415 1392 2499 Anglice,
1433 2417 1505 2477 ob
1542 2418 1843 2498 Scriptum
1882 2419 2082 2498 ipsiu-s·
2111 2419 2243 2478 An-

502 2512 816 2591 glicanum
846 2510 1125 2571 convitiis
1130 2511 1405 2590 fartum,
1426 2533 1543 2591 quo
1565 2531 1848 2571 scurram
1868 2511 2028 2591 agit,
2049 2510 2243 2588 6⁰⁶⁰.—

512 2606 650 2664 Hoc
672 2606 858 2665 habet
887 2605 1183 2664 mercedis
1214 2607 1291 2665 ob
1321 2606 1634 2684 politicam
1663 2626 1855 2678 suam,
1886 2606 2240 2666 Leviathan.

591 2697 670 2758 B.
716 2700 994 2759 Fortasse
1012 2699 1319 2758 Wallisius
1344 2709 1560 2758 contra
1577 2700 1748 2758 illum
1767 2700 1957 2758 iratus
1980 2699 2241 2778 scripsit,

511 2803 574 2852 et
603 2802 774 2852 tanto
806 2794 1097 2871 0511011115,
1147 2803 1377 2872 quanto
1418 2794 1573 2852 liber
1615 2794 1716 2852 ille
1755 2793 2101 2852 hominibus
2133 2794 2242 2853 ho-

510 2887 698 2945 nestis
724 2887 915 2964 magis
939 2886 1189 2964 placuit.
1278 2886 1397 2946 Sed
1421 2887 1734 2946 videamus
1757 2906 1835 2945 an
1857 2887 1921 2945 in
1944 2887 2061 2946 hoc
2085 2888 2240 2948 libro

509 2980 786 3054 Wallisii,
815 2980 967 3039 nihil
992 2981 1074 3039 'sit
1104 2980 1269 3058 quod
1299 2990 1606 3039 mereatur
1636 2979 1939 3058 castigari.

591 3071 668 3134 A.
714 3074 1163 3134 Accedentibus
1217 3075 1346 3151 jam
1405 3074 1485 3133 ad
1522 3074 1721 3152 ipsum
1779 3094 1929 3152 opus
2003 3076 2241 3136 mathe-

508 3169 821 3240 maticum,
866 3167 973 3227 ubi
1011 3169 1272 3228 orationi
1311 3168 1661 3228 scientificae
1701 3168 1966 3227 debitam
2005 3179 2241 3242 ἀκρίβειαν

509 3263 753 3342 exigere
788 3282 912 3322 non
942 3262 1123 3322 modo
1153 3262 1430 3341 iniquum
1471 3283 1594 3322 non
1626 3271 1735 3335 est,
1781 3262 1888 3322 sed
1918 3263 2102 3322 etiam
2131 3284 2238 3324 ne-

509 3357 856 3430 cessarium,
902 3356 1191 3436 quicquid
1232 3377 1358 3416 non
1400 3357 1854 3416 accuratissime
1885 3357 2137 3433 dictum,
2173 3359 2239 3419 id

507 3454 762 3513 liberum
801 3452 917 3511 erit
963 3451 1428 3530 reprehendere.
1514 3451 1606 3510 De
1639 3452 1819 3511 rebus
1860 3452 2041 3526 enim,
2089 3473 2236 3532 qua-

506 3566 645 3606 rum
673 3546 926 3606 scientia
955 3555 1123 3605 certa
1152 3565 1281 3605 esse
1309 3554 1531 3624 potest,
1572 3545 1735 3605 idem
1765 3555 1856 3605 est
1892 3566 2016 3606 non
2055 3567 2235 3607 accu-

506 3651 660 3716 rate,
691 3650 754 3701 et
781 3640 930 3701 false
961 3639 1182 3700 dicere.
1270 3641 1484 3718 Itaque
1515 3639 1618 3719 qui
1651 3651 1902 3720 propter
1931 3641 2233 3702 inscitiam
