2462 4120
675 529 760 571 AD
793 527 1345 572 ILLUSTRISSIMUM
1379 526 1695 571 DOMINUM

547 645 640 710 D.
717 642 1072 709 HENRI
1090 642 1314 709 CUM
1394 643 1834 710 BENNET

707 776 1062 826 BARONEM
1097 777 1191 823 DE
1226 775 1666 836 ARLINGTON,

284 895 608 930 SERENISSIMO
635 896 754 928 REGI
786 895 964 927 CAROLO
991 895 1029 926 11
1059 895 1087 926 A
1114 894 1353 926 CONSILIIS
1379 895 1442 926 ET
1467 895 1803 928 SECRETARIUM
1829 896 2116 928 PRIMARIUM.

243 1097 400 1158 CUM
442 1100 773 1159 senectutis
803 1119 955 1158 meae
1001 1098 1287 1158 solatium
1326 1097 1659 1156 maximum
1693 1106 1836 1169 tuae,
1866 1097 2142 1158 illustris-

240 1208 390 1268 sime
422 1209 705 1282 Domine,
752 1210 853 1288 opi
901 1208 1173 1280 debeam,
1218 1207 1494 1286 ingratus
1545 1227 1741 1266 essem
1785 1207 1903 1267 nisi
1954 1217 2144 1268 tantae

239 1318 454 1397 gratiae
485 1320 810 1398 vestigium
845 1318 1112 1398 aliquod,
1155 1317 1273 1376 etsi
1316 1318 1663 1388 obscurum,
1711 1326 1919 1376 extare
1970 1338 2144 1377 cura-

239 1449 391 1490 rem.
480 1430 663 1491 Quod
711 1451 851 1489 cum
902 1430 1021 1489 alia
1065 1449 1188 1488 non
1230 1448 1496 1507 possum,
1526 1429 1779 1508 vulgata
1820 1428 1922 1488 via
1972 1429 2146 1489 scho-

241 1540 460 1600 larium
494 1540 674 1614 facio,
707 1541 924 1600 dedico
973 1541 1086 1599 tibi
1125 1540 1415 1614 libellum,
1455 1561 1582 1600 non
1621 1541 1777 1600 male
1818 1550 2142 1615 moratum,

242 1653 350 1712 sed
378 1661 584 1712 tamen
615 1653 1015 1712 audaculum:
1062 1661 1514 1730 geometrarum
1555 1654 1717 1712 enim
1748 1662 1946 1713 totam
1974 1654 2145 1713 inva-

242 1764 335 1825 dit
364 1767 692 1824 nationem.
782 1764 967 1837 Quid,
997 1764 1255 1842 inquies,
1281 1765 1330 1824 si
1359 1764 1624 1843 injuste?
1712 1766 1868 1825 Mihi
1901 1765 2145 1845 quidem

240 1877 306 1937 id
335 1877 598 1937 dedecus
620 1897 914 1956 magnum
934 1885 1124 1935 esset:
1159 1876 1266 1936 sed
1290 1876 1454 1954 quod
1478 1876 1558 1935 ad
1579 1885 1660 1949 te,
1686 1877 1790 1955 qui
1819 1876 1897 1936 ad
1927 1877 2146 1937 altiora

240 1990 562 2049 institutus
595 2008 679 2062 eS,
711 2008 1010 2068 quemque
1042 2008 1279 2047 morum
1310 1998 1373 2048 et
1404 1989 1584 2048 officii
1633 1989 1754 2048 mei
1799 2008 1946 2067 erga
1988 1989 2145 2068 teip-

242 2119 396 2172 sum,
448 2120 574 2160 non
632 2119 933 2178 nugarum
991 2119 1265 2158 mearum
1323 2099 1733 2178 inspectorem
1790 2099 1970 2172 faciO,
2018 2120 2144 2159 non

239 2213 587 2293 pertinebit.
676 2212 749 2272 In
799 2232 1021 2290 magno
1071 2212 1317 2291 quidem
1362 2212 1634 2290 periculo
1687 2213 1915 2271 versari
1964 2213 2143 2272 video

242 2326 751 2386 existimationem
797 2345 1014 2397 meam,
1063 2324 1167 2403 qui
1218 2345 1249 2383 a
1299 2324 1626 2402 geometris
1682 2323 1809 2383 fere
1863 2324 2144 2384 omnibus

244 2434 553 2496 dissentio.
639 2437 868 2495 Eorum
921 2435 1082 2494 enim
1131 2435 1234 2513 qui
1281 2434 1356 2493 de
1407 2434 1624 2494 iisdem
1669 2435 1851 2493 rebus
1902 2455 2143 2494 mecum

243 2546 471 2626 aliquid
500 2546 843 2620 ediderunt,
875 2556 981 2606 aut
1022 2546 1183 2605 solus
1226 2546 1464 2605 insanio
1510 2565 1623 2624 ego
1663 2554 1768 2605 aut
1819 2546 1980 2605 solus
2018 2567 2142 2606 non

244 2656 514 2716 insanio:
557 2657 805 2716 tertium
849 2657 1012 2716 enim
1063 2677 1188 2716 non
1240 2665 1351 2730 est,
1391 2656 1530 2729 nisi,
1576 2656 1740 2735 quod
1782 2656 1943 2716 dicet
1980 2657 2140 2716 forte

246 2765 479 2844 aliquiS,
531 2767 903 2827 insaniamus
950 2787 1177 2827 omneS.
1267 2769 1573 2827 Caeterum
1630 2769 1758 2828 sine
1810 2768 2016 2847 judice
2067 2768 2141 2828 lis

248 2884 360 2948 est,
416 2875 535 2935 nisi
591 2876 757 2954 quod
796 2876 1069 2955 judicem
1126 2878 1451 2957 aliquando
1504 2879 1761 2957 seipsam
1814 2879 2141 2939 constituet

247 2985 520 3044 nondum
574 2985 808 3045 imbuta
861 2986 1203 3064 posteritas,
1313 2987 1523 3047 Videri
1588 2988 1702 3046 tibi
1759 2988 1993 3047 interea
2047 2987 2142 3046 vir

247 3096 464 3168 bonuS,
523 3096 638 3155 etsi
693 3096 988 3175 pessimus
1044 3108 1378 3176 geometra,
1438 3099 1582 3158 satis
1639 3099 1855 3158 habeo,
1942 3099 2139 3157 Deum

250 3226 468 3286 precor
512 3215 582 3267 ut
627 3216 690 3266 te
729 3208 959 3286 optimo
1000 3209 1155 3288 Regi
1193 3210 1540 3270 ministrum
1590 3211 1888 3289 optimum
1927 3209 2139 3268 diutis-

251 3318 400 3378 sime
429 3336 785 3377 conservare
814 3317 978 3377 velit.

858 3455 1181 3516 Servorum
1210 3466 1457 3518 tuorum
1480 3457 1852 3516 humillimus

1470 3589 1700 3648 ΤΗοΜ.
1748 3587 2057 3645 HOBBEs.
