2462 4120
559 344 1083 389 MATHEMATICAE
1118 347 1522 390 HomERNAE.
1832 336 1909 399 37

261 489 340 548 A.
388 487 605 566 Neque
635 484 1022 565 syllogismus
1069 494 1182 558 est,
1215 486 1320 564 qui
1359 487 1616 548 vitiosus
1655 497 1766 564 est,
1802 509 1910 550 ne-
1976 515 2226 548 maccus

178 603 294 663 que
324 580 618 653 definitio,
650 600 786 659 quae
818 579 1056 639 vitiosa.
2084 584 2117 615 ¹·

261 677 342 737 B.
389 675 557 738 Quid
587 675 639 735 si
669 675 979 735 conclusio
1016 682 1326 753 sequatur,
1368 676 1498 736 sine
1535 677 1908 753 definitione,

176 772 502 832 axiomata.
567 772 667 831 An
696 790 822 830 non
851 770 968 831 erit
998 770 1442 831 demonstratio
1468 771 1488 830 ?

261 867 342 927 A.
387 866 559 935 Erit;
601 865 785 926 modo
810 866 1118 925 axiomata
1139 864 1244 925 illa
1261 874 1394 925 tum
1423 867 1748 927 manifesta
1770 870 1909 943 sint,

175 971 308 1021 tum
338 961 526 1022 etiam
556 960 982 1035 demonstrari,
1008 959 1060 1020 si
1088 960 1443 1039 imperetur,
1462 961 1699 1040 possint
1724 990 1739 1033 ;
1771 984 1912 1042 qua-

174 1058 257 1117 lia
285 1066 430 1117 sunt
458 1057 767 1117 axiomata
796 1066 1040 1135 sumpta
1068 1057 1144 1116 ab
1174 1056 1447 1116 Euclide.

262 1152 342 1212 B.
391 1150 514 1211 Sed
542 1151 676 1231 ipsa
705 1150 985 1229 definitio
1014 1151 1324 1230 quomodo
1356 1151 1666 1212 definitur.

263 1247 346 1307 A.
389 1246 683 1306 Definitio
714 1265 921 1305 nonne
949 1246 1290 1325 propositio
1321 1255 1414 1306 est
1439 1245 1459 1304 ?

264 1341 344 1400 Β.
390 1341 519 1401 Est.

264 1436 345 1496 A.
391 1436 615 1495 Nonne
645 1435 830 1494 etiam
853 1445 946 1495 est
969 1433 1336 1513 explicativa
1358 1434 1624 1494 nominis
1645 1434 1915 1494 definiti?

266 1531 346 1591 Β.
395 1531 618 1590 Etiam.

263 1626 343 1686 A.
391 1623 718 1690 Quomodo
766 1624 1107 1703 explicatur
1148 1610 1387 1685 nomen
1424 1624 1706 1705 quodvis,
1747 1624 1917 1684 verbi

177 1721 395 1801 gratia,
425 1740 651 1780 nomen
680 1719 851 1779 homo
874 1723 911 1780 ,9

192 1880 195 1885 Δ
264 1815 344 1875 B.
392 1815 457 1875 Si
484 1824 751 1893 ponatur
791 1835 910 1874 vox
943 1814 1115 1873 homo
1159 1834 1272 1894 pro
1320 1816 1598 1894 subjecto
1642 1814 1921 1894 proposi-

177 1910 378 1983 tionis,
411 1909 631 1970 deinde
660 1929 772 1988 pro
802 1909 1156 1989 praedicatO,
1197 1929 1424 1970 nomen
1473 1909 1639 1989 quod
1683 1909 1772 1979 fit,
1814 1929 1920 1988 ag-

177 2016 501 2085 gregatum
530 2014 624 2064 est
654 2005 926 2064 omnium
966 2005 1285 2065 nominum
1318 2005 1538 2084 quibus
1583 2005 1767 2064 homo
1800 2004 1920 2063 dis-

177 2099 477 2180 tinguitur
502 2119 539 2158 a
567 2099 749 2159 rebus
779 2099 1018 2159 caeteris
1052 2100 1353 2159 omnibus,
1416 2100 1695 2178 Exempli
1719 2118 1920 2170 causa,

180 2194 577 2273 distinguitur
624 2194 701 2254 ab
753 2195 1034 2255 omnibus
1074 2195 1496 2256 accidentibus
1541 2214 1652 2274 per
1696 2215 1921 2254 nomen

181 2309 403 2370 corpus
422 2312 447 2358 ;
490 2309 528 2349 a
550 2290 785 2350 caeteris
816 2291 1175 2370 corporibus
1203 2311 1315 2370 per
1343 2310 1571 2351 nomen
1600 2290 1874 2350 sentiens
1898 2312 1921 2358 ,·

180 2405 217 2444 a
246 2383 480 2444 caeteris
510 2384 934 2459 sentientibUS,
966 2385 1091 2445 sive
1127 2385 1509 2457 animalibus,
1549 2405 1661 2464 per
1698 2404 1921 2444 nomen

180 2478 502 2539 rationale.
612 2480 830 2560 Itaque
889 2481 939 2541 si
997 2481 1271 2541 dicamus
1322 2482 1506 2542 homo
1554 2489 1648 2541 est
1699 2499 1921 2559 corpus

180 2574 446 2634 sentiens
511 2575 828 2650 rationale,
893 2577 1011 2636 erit
1081 2577 1186 2638 illa
1242 2576 1584 2656 propositio
1645 2575 1920 2654 definitio

180 2669 460 2729 hominis,
561 2670 831 2731 Nomina
869 2672 1051 2745 enim,
1086 2692 1223 2751 quae
1262 2672 1342 2732 ad
1374 2671 1727 2733 faciendum
1766 2689 1921 2750 prae-

182 2763 450 2824 dicatum
499 2774 955 2845 aggregantur,
1029 2767 1396 2846 complicata
1466 2776 1611 2826 sunt
1668 2765 1732 2824 in
1798 2785 1923 2824 una

181 2859 587 2938 appellatione
615 2860 720 2920 illa
741 2860 934 2935 homo,
958 2862 1282 2941 ipsumque
1312 2860 1624 2921 hominem
1653 2861 1730 2919 ab
1755 2860 1921 2919 omni

183 2952 303 3012 alia
328 2973 393 3012 re
423 2954 829 3034 distinguunt,
861 2956 924 3015 id
955 2967 1069 3030 est,
1114 2956 1262 3036 quid
1292 2957 1372 3016 sit
1403 2956 1725 3015 definiunt.

268 3047 350 3106 A.
394 3048 584 3109 Recte
636 3050 806 3124 dicis,
859 3071 1060 3131 neque
1118 3052 1448 3131 quicquam
1501 3050 1669 3110 aliud
1719 3049 1922 3109 fecisti

184 3150 585 3220 praeterquam
623 3146 788 3224 quod
817 3147 1117 3207 resolvisti
1155 3167 1368 3207 vocem
1397 3147 1569 3206 homo
1607 3146 1673 3205 in
1717 3154 1921 3223 partes

187 3254 343 3294 suas,
427 3236 662 3299 Fuisset
708 3250 916 3300 autem
967 3242 1111 3302 satis
1161 3241 1271 3314 illi,
1321 3242 1427 3320 qui
1472 3239 1919 3320 praedefinitum

184 3328 440 3388 haberet
463 3332 704 3406 animal,
722 3336 1015 3413 posuisse,
1035 3335 1207 3395 homo
1228 3344 1323 3395 est
1346 3333 1578 3395 animal
1594 3324 1918 3393 rationale.

187 3423 476 3482 Definitio
507 3445 652 3504 ergo
685 3428 1060 3505 definitionis
1090 3439 1379 3490 accurata
1409 3429 1528 3489 erit
1555 3428 1723 3487 haec:
1771 3426 1918 3502 (lefl-

187 3517 340 3576 nitio
369 3525 462 3576 est
486 3523 843 3600 propositio
873 3526 1045 3601 cujas
1077 3524 1501 3605 proedicatam
1533 3531 1630 3583 est
1658 3518 1919 3597 subjecti

189 3610 596 3672 resolutivam.
