2462 4120
262 505 375 538 CAP.
402 507 435 539 1.

229 620 286 655 De
301 624 449 668 puncto.

534 337 652 389 392
770 349 857 390 DE
892 350 1272 395 PRINCIPIIS
1308 354 1392 396 ET
1424 354 2022 397 RATIOCINATIONE

534 485 583 543 si
621 485 772 544 nihil
817 487 914 560 sit,
946 488 1006 547 in
1045 489 1165 549 duo
1211 491 1418 550 nihila.
1508 492 1710 552 Etiam
1756 491 2017 551 circulus
2063 492 2256 551 secari

532 588 730 657 potest
781 581 842 639 in
896 593 1159 643 sectores
1212 595 1639 665 quotcunque:
1687 595 1746 645 et
1796 585 2072 664 proinde,
2115 605 2254 645 cum

534 674 728 732 omnis
759 686 958 735 sector
983 677 1220 736 desinat
1249 679 1311 737 in
1342 673 1656 755 punctum,
1682 680 1984 739 secabitur
2014 699 2254 758 quoque

531 778 805 828 centrum
834 770 898 829 in
933 772 1188 830 totidem
1219 782 1464 849 puncta,
1495 782 1700 850 partes
1738 774 1992 832 totidem
2022 773 2254 844 centri;

529 862 652 921 sive
683 874 958 924 centrum
990 865 1139 923 illud
1169 866 1475 942 quantitas
1500 867 1597 938 sit,
1630 866 1753 925 sive
1785 867 1952 926 nihil.
2262 874 2264 877 ’

612 957 900 1018 Definitio
947 979 1091 1036 ergo
1127 958 1350 1038 puncti
1384 959 1546 1037 apud
1586 959 1918 1033 Euclidem,
1967 959 2273 1039 quemad-¹.

534 1051 781 1110 modum
839 1072 971 1110 eam
1016 1052 1365 1129 intelligunt
1402 1062 1730 1130 geometrae
1769 1062 1906 1133 post
1938 1053 2254 1112 Euclidem

530 1167 755 1221 omneS,
803 1148 1023 1206 vitiosa
1075 1158 1186 1206 est.
1277 1148 1478 1208 Quam
1530 1157 1753 1220 tamen,
1801 1150 1852 1208 si
1899 1149 2134 1207 nullum
2190 1149 2271 1208 in:

526 1241 863 1319 geometria
893 1260 1162 1299 errorem
1190 1242 1543 1319 peperisset,
1575 1241 2019 1320 praeteriissem.

611 1335 901 1394 Definitio
941 1333 1162 1414 puncti
1189 1354 1352 1407 vera,
1385 1344 1449 1394 et
1494 1355 1629 1414 quae
1658 1336 1874 1395 vitium
1910 1335 2157 1393 nullum.
2190 1333 2258 1394 in

528 1429 1076 1489 demonstrationes
1106 1428 1349 1488 illatura
1380 1429 1476 1501 sit,
1502 1430 1640 1489 talis
1667 1449 1795 1489 esse
1826 1429 2035 1489 debet:
2056 1449 2255 1508 pune·

527 1532 648 1583 tum
678 1532 773 1583 est
813 1522 1121 1582 divisibile
1161 1524 1421 1603 quidem,
1453 1524 1572 1584 Sed
1597 1525 1768 1603 eujus
1800 1543 1962 1603 pars
1991 1522 2162 1582 nulla
2192 1522 2271 1582 in¹

527 1617 1045 1676 demonstratione
1075 1617 1533 1678 consideranda
1561 1627 1656 1677 est
1674 1642 1695 1677 .·
1739 1618 1804 1677 id
1842 1626 1953 1688 est,
1979 1616 2256 1676 conside—

523 1712 780 1771 randum
814 1722 923 1784 est,
953 1732 1079 1770 non
1107 1722 1178 1770 ut
1206 1721 1520 1790 punctum,
1552 1712 1711 1791 quod
1745 1712 1954 1772 Graece
1984 1723 2134 1785 νυγμὴ
2165 1710 2257 1770 di-

525 1806 724 1874 citur;
770 1826 968 1885 neque
1025 1814 1093 1865 ut
1134 1820 1322 1879 στιγμὴ,
1365 1827 1500 1885 quae
1549 1807 1759 1866 Graece
1798 1816 1892 1865 est
1942 1805 2253 1865 distinctio

523 1900 811 1969 visibilis;
858 1921 994 1979 quae
1037 1901 1216 1959 ambo
1249 1908 1476 1980 quanta
1519 1910 1687 1960 sunt:
1735 1900 1842 1959 sed
1883 1910 1954 1959 ut
1993 1901 2253 1978 signum,

526 1994 688 2072 quod
718 1995 926 2054 Graece
972 2005 1063 2053 est
1094 2006 1303 2068 σημεῖον,
1336 2015 1457 2072 quo
1487 1995 1673 2054 verbo
1713 1995 1908 2055 utitur
1950 1994 2253 2054 EuclideS.

527 2087 779 2166 Signum
812 2089 973 2147 enim
1003 2087 1218 2167 quanti
1248 2107 1469 2146 nomen
1495 2108 1616 2147 non
1650 2097 1760 2148 est.

607 2181 716 2240 Est
755 2182 916 2240 enim
960 2180 1317 2259 geometria,
1348 2180 1609 2240 seientia
1637 2202 1761 2261 qua
1797 2201 1874 2239 eoe
1915 2179 2130 2260 aliqua
2158 2180 2260 2240 vel

525 2273 830 2353 aliquibus
861 2274 1233 2333 mensuratis
1252 2293 1376 2352 per
1405 2274 1937 2333 ratiocinationem
1962 2274 2251 2333 determi-

524 2388 737 2427 namus
789 2369 1162 2446 quantitates
1203 2367 1370 2426 alia-s·
1412 2389 1528 2427 non
1567 2375 1974 2427 mensuratae.
2061 2368 2254 2428 Recte

524 2461 712 2539 igitur
740 2462 969 2540 incepit
1007 2462 1288 2521 Euclides
1319 2482 1355 2520 a
1386 2461 1739 2522 definitione
1780 2482 2098 2535 mensurae,
2133 2483 2255 2542 qua

525 2564 954 2615 mensurantur
982 2555 1429 2633 longitudines:
1463 2566 1527 2615 et
1550 2556 1746 2634 primo
1771 2556 1926 2628 loeo,
1958 2576 2254 2617 mensurae

523 2649 683 2708 illius
713 2650 1041 2708 terminum
1066 2649 1317 2721 definiit,
1349 2660 1412 2708 et
1440 2649 1683 2730 signum
1712 2669 1842 2709 esse
1874 2650 2045 2709 dixit.
2132 2651 2255 2711 Sed

526 2745 697 2821 cujus
736 2744 825 2803 rei
870 2743 1156 2822 signum?
1245 2743 1520 2822 Signum,
1553 2764 1589 2803 a
1618 2764 1738 2823 quo
1786 2763 2086 2805 mensurae
2131 2755 2255 2805 ter-

527 2837 726 2896 minus
756 2858 911 2897 unus
943 2850 1047 2897 aut
1076 2839 1230 2898 alter
1258 2848 1610 2898 mensurato
1642 2839 2003 2917 applicatur.

609 2932 909 2991 Praeterea
939 2933 989 2991 si
1007 2933 1695 3014 punctum‘indivisibile
1718 2943 1895 3005 esset,
1919 2933 1983 2992 id
2002 2943 2114 3006 est,
2138 2953 2254 2992 non

528 3033 825 3104 quantum,
869 3025 933 3084 id
970 3033 1086 3099 est,
1128 3027 1320 3085 nihil:
1376 3038 1733 3105 sequeretur
1779 3027 2139 3105 (supposito,
2182 3036 2254 3085 ut

525 3139 688 3178 nunc
728 3129 1076 3198 supponunt
1117 3121 1444 3198 scriptores
1483 3120 1916 3193 mathematici,
1948 3119 2254 3198 quantita-

523 3222 650 3273 tem
681 3212 868 3272 dividi
897 3213 959 3271 in
999 3214 1323 3286 infinitum,
1354 3224 1424 3273 ut
1451 3224 1750 3292 punctum
1789 3214 1868 3274 sit
1896 3235 2035 3293 pars
2073 3214 2259 3273 lineae.

526 3307 762 3366 infinite
794 3306 1037 3384 exigua)
1073 3317 1309 3386 partem
1338 3308 1575 3367 infinite
1605 3308 1887 3386 exiguam
1917 3308 2093 3368 lineae
2123 3327 2254 3367 rec-

526 3411 626 3474 tae,
668 3411 730 3460 et
759 3401 1123 3479 quadratum
1163 3402 1326 3480 quod
1364 3403 1440 3462 sit
1487 3403 1736 3461 minima
1779 3423 1920 3481 pars
1951 3402 2250 3481 quadrati,

527 3504 589 3554 et
628 3497 851 3555 cubum
882 3495 987 3574 qui
1033 3495 1110 3556 sit
1154 3497 1403 3557 minima
1440 3517 1581 3577 pars
1622 3497 1780 3569 cubi,
1812 3517 1943 3558 esse
1985 3497 2146 3558 inter
2185 3516 2250 3557 se

526 3590 800 3669 aequalia.
