2462 4120
766 383 1066 427 cUBAT1o
1103 385 1420 430 SPHAERAE.
1840 380 1959 444 497

228 524 490 584 semissis
525 524 714 603 ipsius
746 524 843 599 Gi,
876 524 954 584 ad
985 523 1098 599 IzL,
1131 527 1439 588 semissem
1470 530 1657 609 ipsius
1689 531 1847 604 AG),
1877 535 1962 595 ita
2041 554 2180 588 paor.
2210 553 2255 587 v.

228 618 323 678 hL
355 619 434 678 ad
464 617 555 678 eb.
2028 610 2266 640 ψ

314 713 471 773 Sunt
517 731 664 790 ergo
695 712 796 785 Ze,
822 710 936 785 kL,
957 711 1050 783 eb,
1093 712 1219 772 sive
1250 713 1372 788 AZ,
1394 714 1509 789 AJz,
1534 716 1643 791 Ae,
1676 721 1963 781 continue

228 806 736 886 proportionales.

314 902 571 961 Constat
601 902 744 961 hine
774 911 1006 962 rectam
1030 900 1145 975 AQ
1174 903 1466 981 aequalem
1498 925 1624 964 esse
1650 907 1846 985 duplae
1871 908 1962 967 eb.

236 1051 240 1058 .
315 996 570 1056 Constat
599 1007 903 1075 praeterea
931 1017 1140 1056 areum
1168 998 1273 1070 Zn,
1307 998 1560 1057 ductum
1591 1021 1627 1058 a
1655 1002 1824 1060 radio
1856 1002 1962 1061 AZ

230 1100 294 1150 et
322 1091 718 1174 terminatum
748 1093 812 1150 in
844 1088 978 1164 AG,
1011 1100 1073 1150 et
1101 1101 1331 1151 rectam
1358 1090 1468 1164 le,
1502 1113 1706 1153 secare
1735 1107 1967 1155 rectam

233 1184 348 1246 AO
378 1185 442 1244 in
472 1205 596 1244 uno
627 1195 689 1244 et
730 1185 945 1244 eodem
974 1195 1229 1264 puncto,
1317 1184 1568 1265 Alioqui
1598 1207 1723 1247 non
1764 1201 1968 1249 essent

232 1280 334 1355 Ze,
353 1279 468 1354 hL,
490 1278 561 1339 eb
592 1280 883 1340 continue
914 1281 1417 1360 proportionales,

834 1499 1242 1542 PRoPoslTlo
1270 1500 1367 1542 VI.

328 1596 411 1656 Ut
438 1595 606 1656 latus
639 1597 742 1658 CG
771 1596 871 1657 vel
895 1597 1028 1670 AC,
1053 1597 1143 1656 acl
1167 1597 1251 1656 Ze
1275 1595 1372 1656 vel
1393 1596 1514 1670 ΑΖ,
1542 1596 1636 1656 ita
1661 1605 1756 1657 est
1778 1597 1866 1657 Ae
1886 1599 1977 1658 ad

231 1692 543 1751 semissem
574 1691 799 1752 laceris
831 1692 942 1752 CG
972 1691 1068 1751 vel
1094 1691 1222 1751 AC.

319 1790 572 1849 Seoetur
622 1789 783 1848 enim
834 1787 942 1850 AG
981 1788 1263 1849 bifariam
1302 1787 1365 1846 in
1395 1787 1452 1861 k,
1485 1787 1862 1866 ducaturque
1908 1787 1977 1846 lcl

233 1885 524 1963 parallela
555 1882 678 1958 CG,
709 1905 923 1945 secans
952 1882 1068 1946 AG
1096 1885 1160 1944 in
1193 1883 1234 1944 l.
1325 1884 1628 1944 Quoniam
1662 1891 1973 1942 ostensum

235 1988 330 2039 est
359 1979 455 2051 Gi,
481 1978 604 2052 CG,
626 1978 721 2039 Ae
751 1999 882 2039 esse
905 1979 1195 2039 continue
1225 1977 1728 2058 proportionaleS,
1759 1978 1875 2036 erit
1906 1988 1975 2037 ut:

235 2072 340 2134 GC
370 2072 448 2133 ad
478 2073 788 2133 semissem
819 2073 915 2147 Gi,
947 2074 1036 2133 ita
1059 2073 1152 2133 Ae
1181 2073 1261 2133 ad
1290 2073 1598 2132 semissem
1620 2072 1825 2131 lateris
1850 2072 1970 2145 CG,

234 2167 300 2228 id
338 2178 452 2240 est,
496 2177 564 2228 ut
610 2166 719 2229 AG
750 2169 848 2229 vel
880 2169 987 2229 CG
1029 2169 1110 2229 ad
1139 2169 1222 2228 Ze
1252 2168 1348 2228 vel
1379 2166 1506 2242 ΑΖ,
1538 2167 1626 2227 ita
1655 2166 1748 2226 Ae
1777 2167 1872 2226 vel
1902 2166 1974 2226 eb

236 2263 317 2323 ad
346 2262 442 2323 Alc
471 2262 567 2322 vel
597 2260 677 2321 kl.

810 2428 1228 2471 PROPOSITIO
1284 2428 1412 2470 VII.

241 2582 243 2585 ,
326 2526 711 2597 Quadratum
735 2525 813 2586 ab
842 2527 948 2586 AZ
976 2525 1073 2587 vel
1097 2527 1181 2586 Ze
1210 2525 1443 2606 oequale
1472 2533 1567 2584 est
1597 2523 1800 2583 decem
1830 2543 1978 2602 quc&

239 2621 446 2681 dratis
475 2641 516 2680 a
547 2628 774 2699 quarta
792 2629 993 2700 parte
1023 2620 1247 2680 lateri-s·
1277 2621 1403 2680 AC.

325 2715 712 2777 Quadratum
743 2716 905 2774 enim
930 2716 1006 2775 ab
1031 2716 1142 2775 AO
1167 2715 1398 2794 aequale
1429 2722 1520 2774 est
1545 2712 1810 2791 quinque
1834 2730 1979 2788 qua-

239 2809 430 2869 dratis
470 2830 508 2869 a
553 2810 877 2869 semiradio
921 2810 1048 2883 CO,
1091 2809 1155 2869 id
1203 2819 1316 2882 est,
1346 2807 1564 2887 viginti
1594 2805 1905 2886 quadratis
1943 2824 1980 2863 a

240 2912 461 2983 quarta
516 2912 691 2983 parte
749 2905 875 2964 AC.
984 2904 1107 2964 Sed
1158 2905 1291 2974 AO,
1351 2903 1444 2962 Ac
1500 2911 1642 2961 sunt
1694 2899 1974 2978 aequales,

241 2999 449 3060 Quare
475 2998 842 3078 quadratum
872 3000 948 3059 ab
979 3001 1071 3060 Ae
1094 2999 1325 3079 aequale
1357 3007 1450 3057 est
1478 2995 1695 3074 viginti
1719 2993 1974 3073 quadra-

239 3094 320 3154 tis
350 3114 388 3153 a
415 3102 634 3173 quarta
661 3103 837 3173 parte
866 3095 994 3155 AC.
1084 3094 1206 3154 Sed
1237 3092 1605 3172 quadratum
1640 3090 1715 3148 ab
1746 3089 1836 3147 Ac
1867 3087 1976 3145 du-

238 3187 408 3267 plum
439 3197 531 3247 est
561 3188 844 3267 quadrati
874 3190 951 3249 ab
986 3189 1089 3248 AZ
1120 3188 1216 3247 vel
1246 3188 1345 3246 Ze.
1420 3187 1584 3263 Ergo
1617 3182 1977 3261 quadratum

241 3282 318 3341 ab
342 3282 446 3342 AZ
476 3282 574 3342 vel
605 3284 688 3342 Ze
719 3283 951 3361 aequale
983 3292 1076 3343 est
1107 3282 1318 3341 decem
1350 3278 1662 3359 quadratis
1693 3296 1729 3341 a
1759 3284 1977 3355 quarta

241 3386 418 3455 parte
438 3375 648 3436 lateris
679 3377 805 3436 AC.

331 3468 564 3530 Coroll.
613 3470 1002 3532 Quadratum
1042 3489 1078 3528 a
1127 3468 1204 3528 Gi
1246 3465 1651 3546 quadruplum
1690 3470 1782 3521 est
1830 3480 1977 3538 qua-

244 3563 406 3623 drati
437 3564 513 3623 ab
539 3564 663 3636 AZ,
694 3574 754 3637 et
784 3563 1041 3642 proinde
1074 3561 1440 3640 quadratum
1471 3580 1507 3617 a
1536 3557 1613 3617 Gi
1635 3554 1863 3632 aequale
1887 3562 1978 3612 est

246 3656 652 3736 quadraginta
682 3658 995 3737 quadratis
1027 3677 1062 3716 a
1086 3665 1303 3735 quarta
1331 3664 1505 3733 parte
1536 3650 1738 3711 lateris
1769 3647 1892 3706 AC.

411 3770 567 3814 VOL.
594 3769 688 3812 1v.
1690 3762 1734 3801 K
1769 3761 1813 3801 K
