<?xml version="1.0" encoding="UTF-8"?>
<!DOCTYPE html PUBLIC "-//W3C//DTD XHTML 1.0 Transitional//EN"
    "http://www.w3.org/TR/xhtml1/DTD/xhtml1-transitional.dtd">
<html xmlns="http://www.w3.org/1999/xhtml" xml:lang="en" lang="en">
 <head>
  <title>
</title>
<meta http-equiv="Content-Type" content="text/html;charset=utf-8" />
  <meta name='ocr-system' content='tesseract 3.04.00' />
  <meta name='ocr-capabilities' content='ocr_page ocr_carea ocr_par ocr_line ocrx_word'/>
</head>
<body>
  <div class='ocr_page' id='page_1' title='image "./operaphilosophic04hobbuoft_0252.png"; bbox 0 0 2462 4120; ppageno 0'>
   <div class='ocr_carea' id='block_1_1' title="bbox 519 267 1727 324">
    <p class='ocr_par' dir='ltr' id='par_1_1' title="bbox 519 267 1727 324">
     <span class='ocr_line' id='line_1_1' title="bbox 519 267 1727 324; baseline 0.002 -4"><span class='ocrx_word' id='word_1_1' title='bbox 519 267 641 320; x_wconf 87' lang='lat'>240</span> <span class='ocrx_word' id='word_1_2' title='bbox 1063 282 1151 322; x_wconf 85' lang='lat' dir='ltr'>DE</span> <span class='ocrx_word' id='word_1_3' title='bbox 1186 282 1469 324; x_wconf 78' lang='lat' dir='ltr'><strong>NATURA</strong></span> <span class='ocrx_word' id='word_1_4' title='bbox 1504 281 1727 323; x_wconf 72' lang='lat' dir='ltr'>Annis.</span> 
     </span>
    </p>
   </div>
   <div class='ocr_carea' id='block_1_2' title="bbox 510 417 2256 3521">
    <p class='ocr_par' dir='ltr' id='par_1_2' title="bbox 517 417 2255 687">
     <span class='ocr_line' id='line_1_2' title="bbox 517 417 2253 493; baseline 0.002 -17"><span class='ocrx_word' id='word_1_5' title='bbox 517 417 703 476; x_wconf 89' lang='lat' dir='ltr'>iidem</span> <span class='ocrx_word' id='word_1_6' title='bbox 727 419 1117 493; x_wconf 90' lang='lat' dir='ltr'>confitentur,</span> <span class='ocrx_word' id='word_1_7' title='bbox 1145 429 1206 479; x_wconf 88' lang='lat' dir='ltr'>et</span> <span class='ocrx_word' id='word_1_8' title='bbox 1245 419 1323 478; x_wconf 91' lang='lat' dir='ltr'>ad</span> <span class='ocrx_word' id='word_1_9' title='bbox 1354 418 1722 478; x_wconf 88' lang='lat' dir='ltr'>sententiam</span> <span class='ocrx_word' id='word_1_10' title='bbox 1746 428 1915 478; x_wconf 86' lang='lat' dir='ltr'>tuam</span> <span class='ocrx_word' id='word_1_11' title='bbox 1961 418 2037 478; x_wconf 90' lang='lat' dir='ltr'>de</span> <span class='ocrx_word' id='word_1_12' title='bbox 2079 429 2253 479; x_wconf 86' lang='lat' dir='ltr'>motu</span> 
     </span>
     <span class='ocr_line' id='line_1_3' title="bbox 517 506 2255 591; baseline 0.001 -21"><span class='ocrx_word' id='word_1_13' title='bbox 517 531 627 589; x_wconf 88' lang='lat' dir='ltr'>per</span> <span class='ocrx_word' id='word_1_14' title='bbox 674 532 853 591; x_wconf 91' lang='lat' dir='ltr'>quem</span> <span class='ocrx_word' id='word_1_15' title='bbox 900 515 973 572; x_wconf 84' lang='lat' dir='ltr'>fit</span> <span class='ocrx_word' id='word_1_16' title='bbox 1023 514 1195 584; x_wconf 82' lang='lat' dir='ltr'>visio,</span> <span class='ocrx_word' id='word_1_17' title='bbox 1243 513 1535 573; x_wconf 82' lang='lat' dir='ltr'>accedere</span> <span class='ocrx_word' id='word_1_18' title='bbox 1583 506 1903 591; x_wconf 86' lang='lat' dir='ltr'>incipiunt.</span> <span class='ocrx_word' id='word_1_19' title='bbox 1991 513 2152 573; x_wconf 91' lang='lat' dir='ltr'>Nam</span> <span class='ocrx_word' id='word_1_20' title='bbox 2190 514 2255 572; x_wconf 90' lang='lat' dir='ltr'>in</span> 
     </span>
     <span class='ocr_line' id='line_1_4' title="bbox 522 606 2111 687; baseline 0.002 -23"><span class='ocrx_word' id='word_1_21' title='bbox 522 606 828 666; x_wconf 88' lang='lat' dir='ltr'>Societate</span> <span class='ocrx_word' id='word_1_22' title='bbox 847 617 1058 667; x_wconf 86' lang='lat' dir='ltr'>nostra</span> <span class='ocrx_word' id='word_1_23' title='bbox 1085 609 1265 687; x_wconf 88' lang='lat' dir='ltr'>pauci</span> <span class='ocrx_word' id='word_1_24' title='bbox 1297 616 1439 666; x_wconf 88' lang='lat' dir='ltr'>sunt</span> <span class='ocrx_word' id='word_1_25' title='bbox 1470 607 1574 685; x_wconf 92' lang='lat' dir='ltr'>qui</span> <span class='ocrx_word' id='word_1_26' title='bbox 1595 607 1773 667; x_wconf 89' lang='lat' dir='ltr'>aliter</span> <span class='ocrx_word' id='word_1_27' title='bbox 1796 607 2111 678; x_wconf 22' lang='lat' dir='ltr'>sentiunt.-</span> 
     </span>
    </p>

    <p class='ocr_par' dir='ltr' id='par_1_3' title="bbox 605 704 1844 766">
     <span class='ocr_line' id='line_1_5' title="bbox 605 704 1844 766; baseline 0 -3"><span class='ocrx_word' id='word_1_28' title='bbox 605 704 687 764; x_wconf 92' lang='lat' dir='ltr'>A.</span> <span class='ocrx_word' id='word_1_29' title='bbox 734 705 1032 766; x_wconf 76' lang='lat' dir='ltr'>Quaenam</span> <span class='ocrx_word' id='word_1_30' title='bbox 1052 716 1145 764; x_wconf 89' lang='lat' dir='ltr'>est</span> <span class='ocrx_word' id='word_1_31' title='bbox 1167 706 1270 763; x_wconf 91' lang='lat' dir='ltr'>illa</span> <span class='ocrx_word' id='word_1_32' title='bbox 1301 705 1573 764; x_wconf 83' lang='lat' dir='ltr'>Societas</span> <span class='ocrx_word' id='word_1_33' title='bbox 1602 704 1844 764; x_wconf 84' lang='lat' dir='ltr'>vestra?</span> 
     </span>
    </p>

    <p class='ocr_par' dir='ltr' id='par_1_4' title="bbox 513 796 2256 1613">
     <span class='ocr_line' id='line_1_6' title="bbox 602 796 2255 877; baseline 0.002 -22"><span class='ocrx_word' id='word_1_34' title='bbox 602 796 679 858; x_wconf 89' lang='lat' dir='ltr'>B.</span> <span class='ocrx_word' id='word_1_35' title='bbox 727 798 985 858; x_wconf 89' lang='lat' dir='ltr'>Circiter</span> <span class='ocrx_word' id='word_1_36' title='bbox 1033 798 1476 877; x_wconf 83' lang='lat' dir='ltr'>quinquaginta</span> <span class='ocrx_word' id='word_1_37' title='bbox 1520 798 1637 857; x_wconf 88' lang='lat' dir='ltr'>viri</span> <span class='ocrx_word' id='word_1_38' title='bbox 1687 798 2055 877; x_wconf 84' lang='lat' dir='ltr'>philosophi,</span> <span class='ocrx_word' id='word_1_39' title='bbox 2109 797 2255 858; x_wconf 93' lang='lat' dir='ltr'>doc-</span> 
     </span>
     <span class='ocr_line' id='line_1_7' title="bbox 517 892 2254 971; baseline 0 -20"><span class='ocrx_word' id='word_1_40' title='bbox 517 892 680 952; x_wconf 90' lang='lat' dir='ltr'>trina</span> <span class='ocrx_word' id='word_1_41' title='bbox 725 902 788 952; x_wconf 92' lang='lat' dir='ltr'>et</span> <span class='ocrx_word' id='word_1_42' title='bbox 838 893 1084 971; x_wconf 89' lang='lat' dir='ltr'>ingenio</span> <span class='ocrx_word' id='word_1_43' title='bbox 1131 893 1393 951; x_wconf 84' lang='lat' dir='ltr'>maxime</span> <span class='ocrx_word' id='word_1_44' title='bbox 1438 892 1769 971; x_wconf 85' lang='lat' dir='ltr'>conspicui,</span> <span class='ocrx_word' id='word_1_45' title='bbox 1802 893 2254 952; x_wconf 86' lang='lat' dir='ltr'>constituerunt</span> 
     </span>
     <span class='ocr_line' id='line_1_8' title="bbox 516 986 2252 1064; baseline 0 -19"><span class='ocrx_word' id='word_1_46' title='bbox 516 987 676 1046; x_wconf 90' lang='lat' dir='ltr'>inter</span> <span class='ocrx_word' id='word_1_47' title='bbox 706 1006 770 1045; x_wconf 91' lang='lat' dir='ltr'>se</span> <span class='ocrx_word' id='word_1_48' title='bbox 801 987 1054 1064; x_wconf 86' lang='lat' dir='ltr'>singulis</span> <span class='ocrx_word' id='word_1_49' title='bbox 1105 986 1459 1064; x_wconf 90' lang='lat' dir='ltr'>septimanis</span> <span class='ocrx_word' id='word_1_50' title='bbox 1507 987 1834 1046; x_wconf 89' lang='lat' dir='ltr'>convenire</span> <span class='ocrx_word' id='word_1_51' title='bbox 1884 987 1949 1044; x_wconf 91' lang='lat' dir='ltr'>in</span> <span class='ocrx_word' id='word_1_52' title='bbox 1980 986 2252 1064; x_wconf 86' lang='lat' dir='ltr'>Collegio</span> 
     </span>
     <span class='ocr_line' id='line_1_9' title="bbox 518 1080 2256 1159; baseline 0.001 -20"><span class='ocrx_word' id='word_1_53' title='bbox 518 1081 946 1140; x_wconf 88' lang='lat' dir='ltr'>Greshamensi</span> <span class='ocrx_word' id='word_1_54' title='bbox 975 1081 1052 1140; x_wconf 90' lang='lat' dir='ltr'>ad</span> <span class='ocrx_word' id='word_1_55' title='bbox 1075 1080 1555 1158; x_wconf 89' lang='lat' dir='ltr'>promovendam</span> <span class='ocrx_word' id='word_1_56' title='bbox 1603 1080 2051 1159; x_wconf 87' lang='lat' dir='ltr'>philosophiam</span> <span class='ocrx_word' id='word_1_57' title='bbox 2079 1090 2256 1140; x_wconf 88' lang='lat' dir='ltr'>natu-</span> 
     </span>
     <span class='ocr_line' id='line_1_10' title="bbox 513 1174 2254 1253; baseline 0 -19"><span class='ocrx_word' id='word_1_58' title='bbox 513 1175 722 1234; x_wconf 88' lang='lat' dir='ltr'>ralem.</span> <span class='ocrx_word' id='word_1_59' title='bbox 812 1175 933 1234; x_wconf 90' lang='lat' dir='ltr'>Ubi</span> <span class='ocrx_word' id='word_1_60' title='bbox 965 1184 1262 1253; x_wconf 90' lang='lat' dir='ltr'>quantum</span> <span class='ocrx_word' id='word_1_61' title='bbox 1293 1174 1547 1253; x_wconf 90' lang='lat' dir='ltr'>quisque</span> <span class='ocrx_word' id='word_1_62' title='bbox 1579 1174 1659 1233; x_wconf 91' lang='lat' dir='ltr'>ad</span> <span class='ocrx_word' id='word_1_63' title='bbox 1707 1194 1841 1233; x_wconf 90' lang='lat' dir='ltr'>eam</span> <span class='ocrx_word' id='word_1_64' title='bbox 1885 1194 2015 1233; x_wconf 90' lang='lat' dir='ltr'>rem</span> <span class='ocrx_word' id='word_1_65' title='bbox 2069 1175 2254 1234; x_wconf 90' lang='lat' dir='ltr'>habet</span> 
     </span>
     <span class='ocr_line' id='line_1_11' title="bbox 513 1269 2255 1347; baseline -0.001 -19"><span class='ocrx_word' id='word_1_66' title='bbox 513 1269 611 1330; x_wconf 88' lang='lat' dir='ltr'>vel</span> <span class='ocrx_word' id='word_1_67' title='bbox 641 1269 1052 1347; x_wconf 82' lang='lat' dir='ltr'>experientiae,</span> <span class='ocrx_word' id='word_1_68' title='bbox 1085 1269 1181 1328; x_wconf 90' lang='lat' dir='ltr'>vel</span> <span class='ocrx_word' id='word_1_69' title='bbox 1212 1269 1381 1340; x_wconf 82' lang='lat' dir='ltr'>artiS,</span> <span class='ocrx_word' id='word_1_70' title='bbox 1409 1269 1507 1327; x_wconf 88' lang='lat' dir='ltr'>vel</span> <span class='ocrx_word' id='word_1_71' title='bbox 1556 1269 1971 1342; x_wconf 85' lang='lat' dir='ltr'>instrumenti,</span> <span class='ocrx_word' id='word_1_72' title='bbox 2011 1279 2255 1328; x_wconf 86' lang='lat' dir='ltr'>tantum</span> 
     </span>
     <span class='ocr_line' id='line_1_12' title="bbox 517 1361 2251 1441; baseline -0.001 -18"><span class='ocrx_word' id='word_1_73' title='bbox 517 1363 870 1423; x_wconf 88' lang='lat' dir='ltr'>contribuit.</span> <span class='ocrx_word' id='word_1_74' title='bbox 941 1363 1179 1423; x_wconf 77' lang='lat' dir='ltr'>Quibus</span> <span class='ocrx_word' id='word_1_75' title='bbox 1210 1363 1393 1421; x_wconf 89' lang='lat' dir='ltr'>rebus</span> <span class='ocrx_word' id='word_1_76' title='bbox 1415 1372 1478 1421; x_wconf 91' lang='lat' dir='ltr'>et</span> <span class='ocrx_word' id='word_1_77' title='bbox 1499 1383 1660 1422; x_wconf 91' lang='lat' dir='ltr'>nova</span> <span class='ocrx_word' id='word_1_78' title='bbox 1684 1361 2058 1441; x_wconf 87' lang='lat' dir='ltr'>deteguntur</span> <span class='ocrx_word' id='word_1_79' title='bbox 2085 1362 2251 1441; x_wconf 88' lang='lat' dir='ltr'>phae-</span> 
     </span>
     <span class='ocr_line' id='line_1_13' title="bbox 515 1456 2254 1530; baseline -0.001 -13"><span class='ocrx_word' id='word_1_80' title='bbox 515 1478 797 1530; x_wconf 89' lang='lat' dir='ltr'>nomena,</span> <span class='ocrx_word' id='word_1_81' title='bbox 846 1466 907 1516; x_wconf 90' lang='lat' dir='ltr'>et</span> <span class='ocrx_word' id='word_1_82' title='bbox 957 1477 1162 1516; x_wconf 86' lang='lat' dir='ltr'>rerum</span> <span class='ocrx_word' id='word_1_83' title='bbox 1208 1457 1583 1517; x_wconf 88' lang='lat' dir='ltr'>naturalium</span> <span class='ocrx_word' id='word_1_84' title='bbox 1631 1477 1830 1517; x_wconf 86' lang='lat' dir='ltr'>causae</span> <span class='ocrx_word' id='word_1_85' title='bbox 1875 1456 2112 1516; x_wconf 88' lang='lat' dir='ltr'>facilius</span> <span class='ocrx_word' id='word_1_86' title='bbox 2161 1457 2254 1516; x_wconf 92' lang='lat' dir='ltr'>in-</span> 
     </span>
     <span class='ocr_line' id='line_1_14' title="bbox 515 1553 863 1613; baseline -0.006 0"><span class='ocrx_word' id='word_1_87' title='bbox 515 1553 863 1613; x_wconf 88' lang='lat' dir='ltr'>veniuntur.</span> 
     </span>
    </p>

    <p class='ocr_par' dir='ltr' id='par_1_5' title="bbox 515 1645 2254 2010">
     <span class='ocr_line' id='line_1_15' title="bbox 601 1645 2254 1726; baseline -0.001 -21"><span class='ocrx_word' id='word_1_88' title='bbox 601 1646 681 1705; x_wconf 98' lang='lat' dir='ltr'>A.</span> <span class='ocrx_word' id='word_1_89' title='bbox 730 1646 854 1705; x_wconf 89' lang='lat' dir='ltr'>Cur</span> <span class='ocrx_word' id='word_1_90' title='bbox 882 1646 1045 1705; x_wconf 89' lang='lat' dir='ltr'>viros</span> <span class='ocrx_word' id='word_1_91' title='bbox 1073 1645 1222 1706; x_wconf 87' lang='lat' dir='ltr'>dicis</span> <span class='ocrx_word' id='word_1_92' title='bbox 1248 1646 1696 1726; x_wconf 86' lang='lat' dir='ltr'>quinquaginta</span> <span class='ocrx_word' id='word_1_93' title='bbox 1728 1645 1748 1704; x_wconf 75' lang='grc' dir='ltr'><strong><em>Ρ</em></strong></span> <span class='ocrx_word' id='word_1_94' title='bbox 1795 1646 2021 1706; x_wconf 90' lang='lat' dir='ltr'>Nonne</span> <span class='ocrx_word' id='word_1_95' title='bbox 2049 1653 2254 1724; x_wconf 91' lang='lat' dir='ltr'>potest</span> 
     </span>
     <span class='ocr_line' id='line_1_16' title="bbox 516 1739 2250 1820; baseline -0.001 -21"><span class='ocrx_word' id='word_1_96' title='bbox 516 1741 768 1820; x_wconf 88' lang='lat' dir='ltr'>quilibet</span> <span class='ocrx_word' id='word_1_97' title='bbox 793 1740 943 1799; x_wconf 88' lang='lat' dir='ltr'>alius</span> <span class='ocrx_word' id='word_1_98' title='bbox 968 1739 1179 1800; x_wconf 89' lang='lat' dir='ltr'>adesse</span> <span class='ocrx_word' id='word_1_99' title='bbox 1210 1741 1314 1820; x_wconf 91' lang='lat' dir='ltr'>qui</span> <span class='ocrx_word' id='word_1_100' title='bbox 1342 1740 1494 1813; x_wconf 89' lang='lat' dir='ltr'>vult,</span> <span class='ocrx_word' id='word_1_101' title='bbox 1526 1740 2048 1813; x_wconf 84' lang='lat' dir='ltr'>convenientibuS,</span> <span class='ocrx_word' id='word_1_102' title='bbox 2079 1748 2250 1818; x_wconf 89' lang='lat' dir='ltr'>put0,</span> 
     </span>
     <span class='ocr_line' id='line_1_17' title="bbox 515 1834 2250 1914; baseline 0 -20"><span class='ocrx_word' id='word_1_103' title='bbox 515 1836 578 1894; x_wconf 94' lang='lat' dir='ltr'>in</span> <span class='ocrx_word' id='word_1_104' title='bbox 615 1835 751 1894; x_wconf 92' lang='lat' dir='ltr'>loco</span> <span class='ocrx_word' id='word_1_105' title='bbox 781 1834 1025 1914; x_wconf 86' lang='lat' dir='ltr'>publico</span> <span class='ocrx_word' id='word_1_106' title='bbox 1053 1861 1067 1904; x_wconf 90' lang='lat'>;</span> <span class='ocrx_word' id='word_1_107' title='bbox 1114 1846 1176 1894; x_wconf 85' lang='lat' dir='ltr'>et</span> <span class='ocrx_word' id='word_1_108' title='bbox 1207 1855 1391 1914; x_wconf 88' lang='lat' dir='ltr'>super</span> <span class='ocrx_word' id='word_1_109' title='bbox 1419 1835 1563 1894; x_wconf 88' lang='lat' dir='ltr'>visis</span> <span class='ocrx_word' id='word_1_110' title='bbox 1593 1834 2025 1914; x_wconf 89' lang='lat' dir='ltr'>experimentis</span> <span class='ocrx_word' id='word_1_111' title='bbox 2056 1853 2250 1906; x_wconf 88' lang='lat' dir='ltr'>suam,</span> 
     </span>
     <span class='ocr_line' id='line_1_18' title="bbox 517 1929 1590 2010; baseline -0.002 -20"><span class='ocrx_word' id='word_1_112' title='bbox 517 1949 686 2010; x_wconf 88' lang='lat' dir='ltr'>aeque</span> <span class='ocrx_word' id='word_1_113' title='bbox 717 1949 787 1988; x_wconf 94' lang='lat' dir='ltr'>ac</span> <span class='ocrx_word' id='word_1_114' title='bbox 818 1929 925 2002; x_wconf 87' lang='lat' dir='ltr'>illi,</span> <span class='ocrx_word' id='word_1_115' title='bbox 946 1930 1313 1989; x_wconf 88' lang='lat' dir='ltr'>sententiam</span> <span class='ocrx_word' id='word_1_116' title='bbox 1345 1929 1590 1989; x_wconf 82' lang='lat' dir='ltr'>dicere?</span> 
     </span>
    </p>

    <p class='ocr_par' dir='ltr' id='par_1_6' title="bbox 602 2023 1005 2083">
     <span class='ocr_line' id='line_1_19' title="bbox 602 2023 1005 2083; baseline -0.005 0"><span class='ocrx_word' id='word_1_117' title='bbox 602 2024 683 2083; x_wconf 91' lang='lat' dir='ltr'>B.</span> <span class='ocrx_word' id='word_1_118' title='bbox 729 2023 1005 2083; x_wconf 88' lang='lat' dir='ltr'>Minime.</span> 
     </span>
    </p>

    <p class='ocr_par' dir='ltr' id='par_1_7' title="bbox 517 2115 2254 2291">
     <span class='ocr_line' id='line_1_20' title="bbox 600 2115 2254 2196; baseline -0.001 -20"><span class='ocrx_word' id='word_1_119' title='bbox 600 2118 682 2177; x_wconf 88' lang='lat' dir='ltr'>A.</span> <span class='ocrx_word' id='word_1_120' title='bbox 730 2117 869 2178; x_wconf 72' lang='lat' dir='ltr'>Quo</span> <span class='ocrx_word' id='word_1_121' title='bbox 905 2119 1042 2196; x_wconf 86' lang='lat' dir='ltr'>jure</span> <span class='ocrx_word' id='word_1_122' title='bbox 1071 2117 1526 2195; x_wconf 81' lang='lat' dir='ltr'>prohibebunt?</span> <span class='ocrx_word' id='word_1_123' title='bbox 1613 2118 1791 2177; x_wconf 90' lang='lat' dir='ltr'>Anne</span> <span class='ocrx_word' id='word_1_124' title='bbox 1843 2117 2115 2177; x_wconf 82' lang='lat' dir='ltr'>Societas</span> <span class='ocrx_word' id='word_1_125' title='bbox 2149 2115 2254 2175; x_wconf 90' lang='lat' dir='ltr'>illa</span> 
     </span>
     <span class='ocr_line' id='line_1_21' title="bbox 517 2212 1658 2291; baseline 0 -19"><span class='ocrx_word' id='word_1_126' title='bbox 517 2212 856 2272; x_wconf 87' lang='lat' dir='ltr'>constituta</span> <span class='ocrx_word' id='word_1_127' title='bbox 887 2222 978 2271; x_wconf 89' lang='lat' dir='ltr'>est</span> <span class='ocrx_word' id='word_1_128' title='bbox 1008 2212 1342 2291; x_wconf 90' lang='lat' dir='ltr'>diplomate</span> <span class='ocrx_word' id='word_1_129' title='bbox 1370 2212 1658 2291; x_wconf 82' lang='lat' dir='ltr'>publico?</span> 
     </span>
    </p>

    <p class='ocr_par' dir='ltr' id='par_1_8' title="bbox 517 2307 2248 2479">
     <span class='ocr_line' id='line_1_22' title="bbox 597 2307 2248 2367; baseline 0.001 -2"><span class='ocrx_word' id='word_1_130' title='bbox 597 2307 677 2366; x_wconf 89' lang='lat' dir='ltr'>B.</span> <span class='ocrx_word' id='word_1_131' title='bbox 727 2307 868 2365; x_wconf 91' lang='lat' dir='ltr'>Non</span> <span class='ocrx_word' id='word_1_132' title='bbox 898 2307 1181 2367; x_wconf 85' lang='lat' dir='ltr'>arbitror.</span> <span class='ocrx_word' id='word_1_133' title='bbox 1244 2307 1366 2367; x_wconf 87' lang='lat' dir='ltr'>Sed</span> <span class='ocrx_word' id='word_1_134' title='bbox 1395 2308 1567 2367; x_wconf 91' lang='lat' dir='ltr'>locus</span> <span class='ocrx_word' id='word_1_135' title='bbox 1596 2308 1702 2367; x_wconf 92' lang='lat' dir='ltr'>ubi</span> <span class='ocrx_word' id='word_1_136' title='bbox 1727 2307 2100 2367; x_wconf 87' lang='lat' dir='ltr'>conveniunt</span> <span class='ocrx_word' id='word_1_137' title='bbox 2123 2327 2248 2367; x_wconf 92' lang='lat' dir='ltr'>non</span> 
     </span>
     <span class='ocr_line' id='line_1_23' title="bbox 517 2401 939 2479; baseline -0.005 -18"><span class='ocrx_word' id='word_1_138' title='bbox 517 2411 612 2461; x_wconf 86' lang='lat' dir='ltr'>est</span> <span class='ocrx_word' id='word_1_139' title='bbox 639 2401 939 2479; x_wconf 81' lang='lat' dir='ltr'>publicus,</span> 
     </span>
    </p>

    <p class='ocr_par' dir='ltr' id='par_1_9' title="bbox 515 2494 2247 2669">
     <span class='ocr_line' id='line_1_24' title="bbox 602 2494 2247 2575; baseline 0.001 -20"><span class='ocrx_word' id='word_1_140' title='bbox 602 2495 683 2555; x_wconf 94' lang='lat' dir='ltr'>A.</span> <span class='ocrx_word' id='word_1_141' title='bbox 730 2495 896 2573; x_wconf 88' lang='lat' dir='ltr'>Ergo</span> <span class='ocrx_word' id='word_1_142' title='bbox 945 2495 996 2553; x_wconf 90' lang='lat' dir='ltr'>si</span> <span class='ocrx_word' id='word_1_143' title='bbox 1031 2494 1277 2555; x_wconf 91' lang='lat' dir='ltr'>domino</span> <span class='ocrx_word' id='word_1_144' title='bbox 1317 2496 1436 2556; x_wconf 92' lang='lat' dir='ltr'>loci</span> <span class='ocrx_word' id='word_1_145' title='bbox 1474 2496 1791 2575; x_wconf 90' lang='lat' dir='ltr'>placuerit,</span> <span class='ocrx_word' id='word_1_146' title='bbox 1826 2516 1901 2555; x_wconf 93' lang='lat' dir='ltr'>ex</span> <span class='ocrx_word' id='word_1_147' title='bbox 1954 2496 2247 2575; x_wconf 87' lang='lat' dir='ltr'>quinqua-</span> 
     </span>
     <span class='ocr_line' id='line_1_25' title="bbox 515 2590 1279 2669; baseline 0.001 -20"><span class='ocrx_word' id='word_1_148' title='bbox 515 2591 691 2669; x_wconf 86' lang='lat' dir='ltr'>ginta</span> <span class='ocrx_word' id='word_1_149' title='bbox 720 2591 872 2648; x_wconf 87' lang='lat' dir='ltr'>fient</span> <span class='ocrx_word' id='word_1_150' title='bbox 896 2590 1279 2650; x_wconf 86' lang='lat' dir='ltr'>centumviri.</span> 
     </span>
    </p>

    <p class='ocr_par' dir='ltr' id='par_1_10' title="bbox 514 2685 2250 2860">
     <span class='ocr_line' id='line_1_26' title="bbox 602 2685 2250 2765; baseline -0.001 -20"><span class='ocrx_word' id='word_1_151' title='bbox 602 2685 682 2745; x_wconf 85' lang='lat' dir='ltr'>B.</span> <span class='ocrx_word' id='word_1_152' title='bbox 730 2686 1030 2756; x_wconf 85' lang='lat' dir='ltr'>Fortasse,</span> <span class='ocrx_word' id='word_1_153' title='bbox 1063 2687 1170 2746; x_wconf 92' lang='lat' dir='ltr'>sed</span> <span class='ocrx_word' id='word_1_154' title='bbox 1198 2686 1562 2745; x_wconf 88' lang='lat' dir='ltr'>nobilissimi</span> <span class='ocrx_word' id='word_1_155' title='bbox 1607 2685 2033 2765; x_wconf 90' lang='lat' dir='ltr'>utilissimique</span> <span class='ocrx_word' id='word_1_156' title='bbox 2079 2686 2250 2744; x_wconf 86' lang='lat' dir='ltr'>insti-</span> 
     </span>
     <span class='ocr_line' id='line_1_27' title="bbox 514 2780 2095 2860; baseline -0.002 -18"><span class='ocrx_word' id='word_1_157' title='bbox 514 2782 633 2842; x_wconf 88' lang='lat' dir='ltr'>tuti</span> <span class='ocrx_word' id='word_1_158' title='bbox 661 2781 857 2860; x_wconf 89' lang='lat' dir='ltr'>gloria</span> <span class='ocrx_word' id='word_1_159' title='bbox 883 2790 1048 2839; x_wconf 87' lang='lat' dir='ltr'>certe</span> <span class='ocrx_word' id='word_1_160' title='bbox 1079 2790 1141 2840; x_wconf 90' lang='lat' dir='ltr'>et</span> <span class='ocrx_word' id='word_1_161' title='bbox 1169 2781 1369 2859; x_wconf 88' lang='lat' dir='ltr'>gratia</span> <span class='ocrx_word' id='word_1_162' title='bbox 1399 2780 1721 2840; x_wconf 92' lang='lat' dir='ltr'>debebitur</span> <span class='ocrx_word' id='word_1_163' title='bbox 1741 2780 1836 2839; x_wconf 89' lang='lat' dir='ltr'>his</span> <span class='ocrx_word' id='word_1_164' title='bbox 1865 2780 2095 2859; x_wconf 75' lang='lat' dir='ltr'>primis</span> 
     </span>
    </p>

    <p class='ocr_par' dir='ltr' id='par_1_11' title="bbox 511 2874 2252 3238">
     <span class='ocr_line' id='line_1_28' title="bbox 598 2874 2251 2954; baseline -0.001 -19"><span class='ocrx_word' id='word_1_165' title='bbox 598 2876 679 2935; x_wconf 90' lang='lat' dir='ltr'>A.</span> <span class='ocrx_word' id='word_1_166' title='bbox 726 2876 819 2934; x_wconf 88' lang='lat' dir='ltr'>Ita</span> <span class='ocrx_word' id='word_1_167' title='bbox 852 2883 1036 2944; x_wconf 91' lang='lat' dir='ltr'>certe,</span> <span class='ocrx_word' id='word_1_168' title='bbox 1067 2875 1117 2933; x_wconf 90' lang='lat' dir='ltr'>si</span> <span class='ocrx_word' id='word_1_169' title='bbox 1141 2875 1288 2954; x_wconf 92' lang='lat' dir='ltr'>quid</span> <span class='ocrx_word' id='word_1_170' title='bbox 1316 2876 1662 2934; x_wconf 85' lang='lat' dir='ltr'>invenerint</span> <span class='ocrx_word' id='word_1_171' title='bbox 1701 2874 1864 2954; x_wconf 90' lang='lat' dir='ltr'>quod</span> <span class='ocrx_word' id='word_1_172' title='bbox 1916 2875 1995 2934; x_wconf 89' lang='lat' dir='ltr'>sit</span> <span class='ocrx_word' id='word_1_173' title='bbox 2039 2874 2251 2952; x_wconf 89' lang='lat' dir='ltr'>generi</span> 
     </span>
     <span class='ocr_line' id='line_1_29' title="bbox 511 2967 2252 3048; baseline -0.001 -19"><span class='ocrx_word' id='word_1_174' title='bbox 511 2971 801 3042; x_wconf 86' lang='lat' dir='ltr'>humanO,</span> <span class='ocrx_word' id='word_1_175' title='bbox 834 2970 929 3028; x_wconf 89' lang='lat' dir='ltr'>vel</span> <span class='ocrx_word' id='word_1_176' title='bbox 958 2971 1192 3048; x_wconf 89' lang='lat' dir='ltr'>patriae,</span> <span class='ocrx_word' id='word_1_177' title='bbox 1228 2970 1354 3029; x_wconf 85' lang='lat' dir='ltr'>sive</span> <span class='ocrx_word' id='word_1_178' title='bbox 1407 2970 1486 3029; x_wconf 92' lang='lat' dir='ltr'>ad</span> <span class='ocrx_word' id='word_1_179' title='bbox 1531 2970 1946 3029; x_wconf 87' lang='lat' dir='ltr'>defensionem</span> <span class='ocrx_word' id='word_1_180' title='bbox 1995 2970 2121 3028; x_wconf 90' lang='lat' dir='ltr'>sive</span> <span class='ocrx_word' id='word_1_181' title='bbox 2172 2967 2252 3028; x_wconf 89' lang='lat' dir='ltr'>ad</span> 
     </span>
     <span class='ocr_line' id='line_1_30' title="bbox 514 3064 2252 3144; baseline -0.001 -20"><span class='ocrx_word' id='word_1_182' title='bbox 514 3070 942 3124; x_wconf 86' lang='lat' dir='ltr'>ornamentum</span> <span class='ocrx_word' id='word_1_183' title='bbox 972 3064 1295 3142; x_wconf 88' lang='lat' dir='ltr'>insigniter</span> <span class='ocrx_word' id='word_1_184' title='bbox 1312 3065 1462 3123; x_wconf 91' lang='lat' dir='ltr'>utile</span> <span class='ocrx_word' id='word_1_185' title='bbox 1489 3090 1503 3132; x_wconf 93' lang='lat'>;</span> <span class='ocrx_word' id='word_1_186' title='bbox 1535 3064 1756 3144; x_wconf 87' lang='lat' dir='ltr'>alioqui</span> <span class='ocrx_word' id='word_1_187' title='bbox 1781 3072 2252 3124; x_wconf 88' lang='lat' dir='ltr'>contemnentur</span> 
     </span>
     <span class='ocr_line' id='line_1_31' title="bbox 513 3159 1831 3238; baseline -0.001 -19"><span class='ocrx_word' id='word_1_188' title='bbox 513 3170 576 3219; x_wconf 86' lang='lat' dir='ltr'>et</span> <span class='ocrx_word' id='word_1_189' title='bbox 604 3159 711 3231; x_wconf 89' lang='lat' dir='ltr'>illi,</span> <span class='ocrx_word' id='word_1_190' title='bbox 745 3167 807 3217; x_wconf 89' lang='lat' dir='ltr'>et</span> <span class='ocrx_word' id='word_1_191' title='bbox 835 3166 1085 3237; x_wconf 87' lang='lat' dir='ltr'>propter</span> <span class='ocrx_word' id='word_1_192' title='bbox 1107 3159 1240 3218; x_wconf 88' lang='lat' dir='ltr'>illos</span> <span class='ocrx_word' id='word_1_193' title='bbox 1268 3159 1402 3237; x_wconf 89' lang='lat' dir='ltr'>ipsa</span> <span class='ocrx_word' id='word_1_194' title='bbox 1429 3159 1831 3238; x_wconf 90' lang='lat' dir='ltr'>philosophia.</span> 
     </span>
    </p>

    <p class='ocr_par' dir='ltr' id='par_1_12' title="bbox 510 3252 2250 3521">
     <span class='ocr_line' id='line_1_32' title="bbox 595 3252 2250 3332; baseline -0.001 -21"><span class='ocrx_word' id='word_1_195' title='bbox 595 3252 671 3312; x_wconf 90' lang='lat' dir='ltr'>B.</span> <span class='ocrx_word' id='word_1_196' title='bbox 722 3253 1104 3332; x_wconf 90' lang='lat' dir='ltr'>Sperandum</span> <span class='ocrx_word' id='word_1_197' title='bbox 1149 3262 1318 3312; x_wconf 89' lang='lat' dir='ltr'>certe</span> <span class='ocrx_word' id='word_1_198' title='bbox 1359 3263 1451 3312; x_wconf 85' lang='lat' dir='ltr'>est</span> <span class='ocrx_word' id='word_1_199' title='bbox 1493 3252 1726 3331; x_wconf 90' lang='lat' dir='ltr'>aliquid</span> <span class='ocrx_word' id='word_1_200' title='bbox 1775 3252 1896 3311; x_wconf 85' lang='lat' dir='ltr'>tale</span> <span class='ocrx_word' id='word_1_201' title='bbox 1945 3252 2250 3331; x_wconf 89' lang='lat' dir='ltr'>excogita-</span> 
     </span>
     <span class='ocr_line' id='line_1_33' title="bbox 511 3345 2249 3417; baseline -0.002 -10"><span class='ocrx_word' id='word_1_202' title='bbox 511 3357 682 3407; x_wconf 88' lang='lat' dir='ltr'>turos</span> <span class='ocrx_word' id='word_1_203' title='bbox 702 3367 830 3406; x_wconf 88' lang='lat' dir='ltr'>esse</span> <span class='ocrx_word' id='word_1_204' title='bbox 859 3348 991 3417; x_wconf 83' lang='lat' dir='ltr'>hos,</span> <span class='ocrx_word' id='word_1_205' title='bbox 1024 3356 1129 3406; x_wconf 89' lang='lat' dir='ltr'>aut</span> <span class='ocrx_word' id='word_1_206' title='bbox 1162 3346 1236 3406; x_wconf 90' lang='lat' dir='ltr'>de</span> <span class='ocrx_word' id='word_1_207' title='bbox 1257 3347 1514 3406; x_wconf 84' lang='lat' dir='ltr'>scientia</span> <span class='ocrx_word' id='word_1_208' title='bbox 1541 3346 1805 3406; x_wconf 91' lang='lat' dir='ltr'>naturali</span> <span class='ocrx_word' id='word_1_209' title='bbox 1835 3346 2090 3406; x_wconf 89' lang='lat' dir='ltr'>ulterius</span> <span class='ocrx_word' id='word_1_210' title='bbox 2113 3345 2249 3404; x_wconf 87' lang='lat' dir='ltr'>des-</span> 
     </span>
     <span class='ocr_line' id='line_1_34' title="bbox 510 3439 2247 3521; baseline -0.002 -19"><span class='ocrx_word' id='word_1_211' title='bbox 510 3442 868 3521; x_wconf 90' lang='lat' dir='ltr'>perandum.</span> <span class='ocrx_word' id='word_1_212' title='bbox 917 3442 1222 3501; x_wconf 83' lang='lat' dir='ltr'>Caeterum</span> <span class='ocrx_word' id='word_1_213' title='bbox 1242 3442 1617 3516; x_wconf 90' lang='lat' dir='ltr'>conantium,</span> <span class='ocrx_word' id='word_1_214' title='bbox 1641 3461 1987 3521; x_wconf 88' lang='lat' dir='ltr'>quanquam</span> <span class='ocrx_word' id='word_1_215' title='bbox 2003 3439 2247 3512; x_wconf 83' lang='lat' dir='ltr'>frustra,</span> 
     </span>
    </p>
   </div>
   <div class='ocr_carea' id='block_1_3' title="bbox 510 3537 1269 3598">
    <p class='ocr_par' dir='ltr' id='par_1_13' title="bbox 510 3537 1269 3598">
     <span class='ocr_line' id='line_1_35' title="bbox 510 3537 1269 3598; baseline -0.001 -1"><span class='ocrx_word' id='word_1_216' title='bbox 510 3537 817 3598; x_wconf 85' lang='lat' dir='ltr'>laudanda</span> <span class='ocrx_word' id='word_1_217' title='bbox 847 3546 940 3597; x_wconf 88' lang='lat' dir='ltr'>est</span> <span class='ocrx_word' id='word_1_218' title='bbox 968 3537 1269 3598; x_wconf 84' lang='lat' dir='ltr'>voluntas,</span> 
     </span>
    </p>
   </div>
  </div>
 </body>
</html>
