<?xml version="1.0" encoding="UTF-8"?>
<!DOCTYPE html PUBLIC "-//W3C//DTD XHTML 1.0 Transitional//EN"
    "http://www.w3.org/TR/xhtml1/DTD/xhtml1-transitional.dtd">
<html xmlns="http://www.w3.org/1999/xhtml" xml:lang="en" lang="en">
 <head>
  <title>
</title>
<meta http-equiv="Content-Type" content="text/html;charset=utf-8" />
  <meta name='ocr-system' content='tesseract 3.04.00' />
  <meta name='ocr-capabilities' content='ocr_page ocr_carea ocr_par ocr_line ocrx_word'/>
</head>
<body>
  <div class='ocr_page' id='page_1' title='image "./operaphilosophic04hobbuoft_0391.png"; bbox 0 0 2462 4120; ppageno 0'>
   <div class='ocr_carea' id='block_1_1' title="bbox 805 340 1997 406">
    <p class='ocr_par' dir='ltr' id='par_1_1' title="bbox 805 340 1997 406">
     <span class='ocr_line' id='line_1_1' title="bbox 805 340 1997 406; baseline 0.013 -22"><span class='ocrx_word' id='word_1_1' title='bbox 805 343 1230 387; x_wconf 74' lang='lat' dir='ltr'>DUPLICA&#39;rro</span> <span class='ocrx_word' id='word_1_2' title='bbox 1265 347 1453 391; x_wconf 78' lang='lat' dir='ltr'>oum.</span> <span class='ocrx_word' id='word_1_3' title='bbox 1876 340 1997 406; x_wconf 89' lang='lat'>379</span> 
     </span>
    </p>
   </div>
   <div class='ocr_carea' id='block_1_2' title="bbox 255 481 2001 3125">
    <p class='ocr_par' dir='ltr' id='par_1_2' title="bbox 258 481 1999 826">
     <span class='ocr_line' id='line_1_2' title="bbox 341 481 1995 569; baseline 0.008 -25"><span class='ocrx_word' id='word_1_4' title='bbox 341 484 648 562; x_wconf 84' lang='lat' dir='ltr'>Jungatur</span> <span class='ocrx_word' id='word_1_5' title='bbox 676 481 791 540; x_wconf 93' lang='lat' dir='ltr'>YX</span> <span class='ocrx_word' id='word_1_6' title='bbox 823 501 1036 543; x_wconf 87' lang='lat' dir='ltr'>secans</span> <span class='ocrx_word' id='word_1_7' title='bbox 1066 483 1238 563; x_wconf 83' lang='lat' dir='ltr'>asin</span> <span class='ocrx_word' id='word_1_8' title='bbox 1269 486 1310 546; x_wconf 74' lang='lat' dir='ltr'>i.</span> <span class='ocrx_word' id='word_1_9' title='bbox 1386 489 1466 547; x_wconf 89' lang='lat' dir='ltr'>Et</span> <span class='ocrx_word' id='word_1_10' title='bbox 1496 489 1578 550; x_wconf 80' lang='lat' dir='ltr'>iT</span> <span class='ocrx_word' id='word_1_11' title='bbox 1603 491 1853 555; x_wconf 89' lang='lat' dir='ltr'>dimidio</span> <span class='ocrx_word' id='word_1_12' title='bbox 1872 496 1995 569; x_wconf 89' lang='lat' dir='ltr'>YZ,</span> 
     </span>
     <span class='ocr_line' id='line_1_3' title="bbox 261 576 1999 663; baseline 0.007 -24"><span class='ocrx_word' id='word_1_13' title='bbox 261 579 594 656; x_wconf 90' lang='lat' dir='ltr'>eademque</span> <span class='ocrx_word' id='word_1_14' title='bbox 626 576 881 636; x_wconf 91' lang='lat' dir='ltr'>dimidia</span> <span class='ocrx_word' id='word_1_15' title='bbox 910 578 1048 651; x_wconf 90' lang='lat' dir='ltr'>XV,</span> <span class='ocrx_word' id='word_1_16' title='bbox 1081 589 1144 639; x_wconf 91' lang='lat' dir='ltr'>et</span> <span class='ocrx_word' id='word_1_17' title='bbox 1173 580 1296 653; x_wconf 90' lang='lat' dir='ltr'>YZ,</span> <span class='ocrx_word' id='word_1_18' title='bbox 1322 582 1440 640; x_wconf 91' lang='lat' dir='ltr'>XV</span> <span class='ocrx_word' id='word_1_19' title='bbox 1471 587 1751 663; x_wconf 77' lang='lat' dir='ltr'>aequales,</span> <span class='ocrx_word' id='word_1_20' title='bbox 1816 590 1999 651; x_wconf 86' lang='lat' dir='ltr'>Secta</span> 
     </span>
     <span class='ocr_line' id='line_1_4' title="bbox 259 672 1996 761; baseline 0.007 -28"><span class='ocrx_word' id='word_1_21' title='bbox 259 683 464 733; x_wconf 90' lang='lat' dir='ltr'>autem</span> <span class='ocrx_word' id='word_1_22' title='bbox 494 679 587 731; x_wconf 90' lang='lat' dir='ltr'>est</span> <span class='ocrx_word' id='word_1_23' title='bbox 617 672 725 731; x_wconf 90' lang='lat' dir='ltr'>PX</span> <span class='ocrx_word' id='word_1_24' title='bbox 756 692 794 731; x_wconf 91' lang='lat' dir='ltr'>a</span> <span class='ocrx_word' id='word_1_25' title='bbox 822 682 994 732; x_wconf 90' lang='lat' dir='ltr'>recta</span> <span class='ocrx_word' id='word_1_26' title='bbox 1023 674 1125 733; x_wconf 83' lang='lat' dir='ltr'>aT</span> <span class='ocrx_word' id='word_1_27' title='bbox 1165 674 1467 752; x_wconf 80' lang='lat' dir='ltr'><strong>bifariam,</strong></span> <span class='ocrx_word' id='word_1_28' title='bbox 1499 680 1642 758; x_wconf 87' lang='lat' dir='ltr'>quia</span> <span class='ocrx_word' id='word_1_29' title='bbox 1661 682 1751 761; x_wconf 82' lang='lat' dir='ltr'>si</span> <span class='ocrx_word' id='word_1_30' title='bbox 1780 693 1871 744; x_wconf 89' lang='lat' dir='ltr'>est</span> <span class='ocrx_word' id='word_1_31' title='bbox 1911 685 1996 744; x_wconf 94' lang='lat' dir='ltr'>di-</span> 
     </span>
     <span class='ocr_line' id='line_1_5' title="bbox 258 765 657 826; baseline -0.005 0"><span class='ocrx_word' id='word_1_32' title='bbox 258 766 447 826; x_wconf 90' lang='lat' dir='ltr'>midia</span> <span class='ocrx_word' id='word_1_33' title='bbox 476 765 657 826; x_wconf 72' lang='lat' dir='ltr'><strong>RX*.</strong></span> 
     </span>
    </p>

    <p class='ocr_par' dir='ltr' id='par_1_3' title="bbox 337 860 1804 939">
     <span class='ocr_line' id='line_1_6' title="bbox 337 860 1804 939; baseline 0.008 -20"><span class='ocrx_word' id='word_1_34' title='bbox 337 862 419 920; x_wconf 92' lang='lat' dir='ltr'>Et</span> <span class='ocrx_word' id='word_1_35' title='bbox 447 860 657 939; x_wconf 84' lang='lat' dir='ltr'>anguli</span> <span class='ocrx_word' id='word_1_36' title='bbox 685 860 878 934; x_wconf 88' lang='lat' dir='ltr'>VYX,</span> <span class='ocrx_word' id='word_1_37' title='bbox 905 861 1072 920; x_wconf 90' lang='lat' dir='ltr'>ZVX</span> <span class='ocrx_word' id='word_1_38' title='bbox 1104 861 1169 920; x_wconf 89' lang='lat' dir='ltr'>in</span> <span class='ocrx_word' id='word_1_39' title='bbox 1200 864 1598 927; x_wconf 83' lang='lat' dir='ltr'>semicirculis</span> <span class='ocrx_word' id='word_1_40' title='bbox 1629 871 1804 931; x_wconf 93' lang='lat' dir='ltr'>recti.</span> 
     </span>
    </p>

    <p class='ocr_par' dir='ltr' id='par_1_4' title="bbox 338 955 1536 1034">
     <span class='ocr_line' id='line_1_7' title="bbox 338 955 1536 1034; baseline 0.006 -21"><span class='ocrx_word' id='word_1_41' title='bbox 338 955 504 1034; x_wconf 83' lang='lat' dir='ltr'>Ergo</span> <span class='ocrx_word' id='word_1_42' title='bbox 535 955 744 1034; x_wconf 82' lang='lat' dir='ltr'>anguli</span> <span class='ocrx_word' id='word_1_43' title='bbox 771 955 956 1029; x_wconf 88' lang='lat' dir='ltr'>PYX,</span> <span class='ocrx_word' id='word_1_44' title='bbox 986 955 1161 1015; x_wconf 89' lang='lat' dir='ltr'>YXV</span> <span class='ocrx_word' id='word_1_45' title='bbox 1190 966 1334 1017; x_wconf 92' lang='lat' dir='ltr'>sunt</span> <span class='ocrx_word' id='word_1_46' title='bbox 1362 961 1536 1020; x_wconf 90' lang='lat' dir='ltr'>recti.</span> 
     </span>
    </p>

    <p class='ocr_par' dir='ltr' id='par_1_5' title="bbox 256 1049 2000 1232">
     <span class='ocr_line' id='line_1_8' title="bbox 338 1049 2000 1138; baseline 0.008 -30"><span class='ocrx_word' id='word_1_47' title='bbox 338 1049 504 1129; x_wconf 87' lang='lat' dir='ltr'>Ergo</span> <span class='ocrx_word' id='word_1_48' title='bbox 562 1050 786 1110; x_wconf 86' lang='lat' dir='ltr'>ZYXV</span> <span class='ocrx_word' id='word_1_49' title='bbox 844 1061 938 1110; x_wconf 91' lang='lat' dir='ltr'>est</span> <span class='ocrx_word' id='word_1_50' title='bbox 993 1054 1440 1131; x_wconf 84' lang='lat' dir='ltr'>rectangulum.</span> <span class='ocrx_word' id='word_1_51' title='bbox 1555 1057 1638 1115; x_wconf 89' lang='lat' dir='ltr'>Et</span> <span class='ocrx_word' id='word_1_52' title='bbox 1693 1058 2000 1138; x_wconf 84' lang='lat' dir='ltr'>triangula</span> 
     </span>
     <span class='ocr_line' id='line_1_9' title="bbox 256 1144 1996 1232; baseline 0.005 -28"><span class='ocrx_word' id='word_1_53' title='bbox 256 1144 438 1218; x_wconf 92' lang='lat' dir='ltr'>DPY,</span> <span class='ocrx_word' id='word_1_54' title='bbox 471 1145 666 1219; x_wconf 91' lang='lat' dir='ltr'>DYX,</span> <span class='ocrx_word' id='word_1_55' title='bbox 698 1145 875 1205; x_wconf 90' lang='lat' dir='ltr'>DXV</span> <span class='ocrx_word' id='word_1_56' title='bbox 906 1154 1048 1205; x_wconf 92' lang='lat' dir='ltr'>sunt</span> <span class='ocrx_word' id='word_1_57' title='bbox 1092 1150 1471 1227; x_wconf 84' lang='lat' dir='ltr'>rectangula,</span> <span class='ocrx_word' id='word_1_58' title='bbox 1504 1159 1565 1211; x_wconf 96' lang='lat' dir='ltr'>et</span> <span class='ocrx_word' id='word_1_59' title='bbox 1595 1153 1996 1232; x_wconf 84' lang='lat' dir='ltr'>aequiangula.</span> 
     </span>
    </p>

    <p class='ocr_par' dir='ltr' id='par_1_6' title="bbox 257 1241 1999 1416">
     <span class='ocr_line' id='line_1_10' title="bbox 339 1241 1999 1324; baseline 0.006 -26"><span class='ocrx_word' id='word_1_60' title='bbox 339 1241 420 1299; x_wconf 93' lang='lat' dir='ltr'>Et</span> <span class='ocrx_word' id='word_1_61' title='bbox 466 1249 727 1319; x_wconf 91' lang='lat' dir='ltr'>quatuor</span> <span class='ocrx_word' id='word_1_62' title='bbox 778 1250 962 1301; x_wconf 88' lang='lat' dir='ltr'>rectae</span> <span class='ocrx_word' id='word_1_63' title='bbox 1014 1242 1121 1302; x_wconf 94' lang='lat' dir='ltr'>DP</span> <span class='ocrx_word' id='word_1_64' title='bbox 1173 1244 1326 1320; x_wconf 85' lang='lat' dir='ltr'>(sive</span> <span class='ocrx_word' id='word_1_65' title='bbox 1369 1245 1510 1324; x_wconf 93' lang='lat' dir='ltr'>AD)</span> <span class='ocrx_word' id='word_1_66' title='bbox 1566 1247 1696 1321; x_wconf 93' lang='lat' dir='ltr'>DY,</span> <span class='ocrx_word' id='word_1_67' title='bbox 1723 1248 1859 1324; x_wconf 83' lang='lat' dir='ltr'>DX,</span> <span class='ocrx_word' id='word_1_68' title='bbox 1887 1249 1999 1308; x_wconf 92' lang='lat' dir='ltr'>DV</span> 
     </span>
     <span class='ocr_line' id='line_1_11' title="bbox 257 1335 1083 1416; baseline 0.001 -21"><span class='ocrx_word' id='word_1_69' title='bbox 257 1335 549 1395; x_wconf 87' lang='lat' dir='ltr'>continue</span> <span class='ocrx_word' id='word_1_70' title='bbox 577 1336 1083 1416; x_wconf 79' lang='lat' dir='ltr'>proportionales,</span> 
     </span>
    </p>

    <p class='ocr_par' dir='ltr' id='par_1_7' title="bbox 256 1433 2001 1685">
     <span class='ocr_line' id='line_1_12' title="bbox 340 1433 2000 1518; baseline 0.005 -26"><span class='ocrx_word' id='word_1_71' title='bbox 340 1433 420 1492; x_wconf 89' lang='lat' dir='ltr'>Et</span> <span class='ocrx_word' id='word_1_72' title='bbox 449 1434 643 1494; x_wconf 90' lang='lat' dir='ltr'>cubus</span> <span class='ocrx_word' id='word_1_73' title='bbox 684 1454 721 1493; x_wconf 91' lang='lat' dir='ltr'>a</span> <span class='ocrx_word' id='word_1_74' title='bbox 761 1434 902 1508; x_wconf 88' lang='lat' dir='ltr'>DX,</span> <span class='ocrx_word' id='word_1_75' title='bbox 934 1435 1171 1495; x_wconf 89' lang='lat' dir='ltr'>minore</span> <span class='ocrx_word' id='word_1_76' title='bbox 1212 1437 1570 1514; x_wconf 90' lang='lat' dir='ltr'>mediarum,</span> <span class='ocrx_word' id='word_1_77' title='bbox 1604 1440 1824 1518; x_wconf 90' lang='lat' dir='ltr'>duplus</span> <span class='ocrx_word' id='word_1_78' title='bbox 1862 1442 2000 1501; x_wconf 91' lang='lat' dir='ltr'>cubi</span> 
     </span>
     <span class='ocr_line' id='line_1_13' title="bbox 256 1526 2001 1614; baseline 0.006 -28"><span class='ocrx_word' id='word_1_79' title='bbox 256 1547 296 1585; x_wconf 92' lang='lat' dir='ltr'>a</span> <span class='ocrx_word' id='word_1_80' title='bbox 321 1526 454 1587; x_wconf 89' lang='lat' dir='ltr'>DV.</span> <span class='ocrx_word' id='word_1_81' title='bbox 542 1529 754 1608; x_wconf 87' lang='lat' dir='ltr'>Itaque</span> <span class='ocrx_word' id='word_1_82' title='bbox 784 1529 1069 1589; x_wconf 87' lang='lat' dir='ltr'>inventus</span> <span class='ocrx_word' id='word_1_83' title='bbox 1099 1540 1192 1591; x_wconf 88' lang='lat' dir='ltr'>est</span> <span class='ocrx_word' id='word_1_84' title='bbox 1222 1542 1316 1592; x_wconf 91' lang='lat' dir='ltr'>est</span> <span class='ocrx_word' id='word_1_85' title='bbox 1347 1533 1538 1593; x_wconf 89' lang='lat' dir='ltr'>cubus</span> <span class='ocrx_word' id='word_1_86' title='bbox 1562 1534 1781 1614; x_wconf 90' lang='lat' dir='ltr'>duplus</span> <span class='ocrx_word' id='word_1_87' title='bbox 1807 1536 2001 1595; x_wconf 92' lang='lat' dir='ltr'>cubia</span> 
     </span>
     <span class='ocr_line' id='line_1_14' title="bbox 258 1621 1224 1685; baseline 0.005 -5"><span class='ocrx_word' id='word_1_88' title='bbox 258 1621 394 1681; x_wconf 82' lang='lat' dir='ltr'>DV.</span> <span class='ocrx_word' id='word_1_89' title='bbox 479 1623 665 1685; x_wconf 71' lang='lat' dir='ltr'>Quod</span> <span class='ocrx_word' id='word_1_90' title='bbox 694 1633 827 1684; x_wconf 92' lang='lat' dir='ltr'>erat</span> <span class='ocrx_word' id='word_1_91' title='bbox 855 1625 1224 1685; x_wconf 87' lang='lat' dir='ltr'>faciendum.</span> 
     </span>
    </p>

    <p class='ocr_par' dir='ltr' id='par_1_8' title="bbox 257 1716 2001 1887">
     <span class='ocr_line' id='line_1_15' title="bbox 343 1716 2001 1801; baseline 0.005 -25"><span class='ocrx_word' id='word_1_92' title='bbox 343 1716 632 1796; x_wconf 88' lang='lat' dir='ltr'>Sequitur</span> <span class='ocrx_word' id='word_1_93' title='bbox 659 1718 803 1778; x_wconf 92' lang='lat' dir='ltr'>hinc</span> <span class='ocrx_word' id='word_1_94' title='bbox 834 1720 1061 1779; x_wconf 92' lang='lat' dir='ltr'>cubum</span> <span class='ocrx_word' id='word_1_95' title='bbox 1092 1720 1168 1780; x_wconf 91' lang='lat' dir='ltr'>ab</span> <span class='ocrx_word' id='word_1_96' title='bbox 1199 1720 1312 1780; x_wconf 93' lang='lat' dir='ltr'>AD</span> <span class='ocrx_word' id='word_1_97' title='bbox 1345 1720 1598 1801; x_wconf 92' lang='lat' dir='ltr'>duplum</span> <span class='ocrx_word' id='word_1_98' title='bbox 1630 1743 1762 1783; x_wconf 88' lang='lat' dir='ltr'>esse</span> <span class='ocrx_word' id='word_1_99' title='bbox 1792 1723 1934 1783; x_wconf 91' lang='lat' dir='ltr'>cubi</span> <span class='ocrx_word' id='word_1_100' title='bbox 1964 1744 2001 1784; x_wconf 93' lang='lat' dir='ltr'>a</span> 
     </span>
     <span class='ocr_line' id='line_1_16' title="bbox 257 1809 978 1887; baseline 0.008 -19"><span class='ocrx_word' id='word_1_101' title='bbox 257 1809 387 1886; x_wconf 87' lang='lat' dir='ltr'>DY,</span> <span class='ocrx_word' id='word_1_102' title='bbox 411 1812 476 1871; x_wconf 93' lang='lat' dir='ltr'>id</span> <span class='ocrx_word' id='word_1_103' title='bbox 500 1823 612 1887; x_wconf 92' lang='lat' dir='ltr'>est,</span> <span class='ocrx_word' id='word_1_104' title='bbox 641 1823 713 1873; x_wconf 90' lang='lat' dir='ltr'>ut</span> <span class='ocrx_word' id='word_1_105' title='bbox 744 1820 781 1873; x_wconf 90' lang='grc'>8</span> <span class='ocrx_word' id='word_1_106' title='bbox 811 1812 891 1873; x_wconf 91' lang='lat' dir='ltr'>ad</span> <span class='ocrx_word' id='word_1_107' title='bbox 920 1823 978 1874; x_wconf 89' lang='grc'>4.</span> 
     </span>
    </p>

    <p class='ocr_par' dir='ltr' id='par_1_9' title="bbox 255 1908 2000 2653">
     <span class='ocr_line' id='line_1_17' title="bbox 353 1908 1999 1991; baseline 0.004 -25"><span class='ocrx_word' id='word_1_108' title='bbox 353 1909 565 1968; x_wconf 85' lang='lat' dir='ltr'>Praxis</span> <span class='ocrx_word' id='word_1_109' title='bbox 612 1908 904 1968; x_wconf 87' lang='lat' dir='ltr'>facillima</span> <span class='ocrx_word' id='word_1_110' title='bbox 948 1919 1060 1970; x_wconf 90' lang='lat' dir='ltr'>est.</span> <span class='ocrx_word' id='word_1_111' title='bbox 1133 1911 1295 1970; x_wconf 89' lang='lat' dir='ltr'>Nam</span> <span class='ocrx_word' id='word_1_112' title='bbox 1347 1911 1655 1991; x_wconf 91' lang='lat' dir='ltr'>descripto</span> <span class='ocrx_word' id='word_1_113' title='bbox 1697 1912 1999 1991; x_wconf 87' lang='lat' dir='ltr'>quadrato</span> 
     </span>
     <span class='ocr_line' id='line_1_18' title="bbox 255 2005 2000 2084; baseline 0.001 -16"><span class='ocrx_word' id='word_1_114' title='bbox 255 2006 501 2075; x_wconf 83' lang='lat' dir='ltr'><strong>ABCD,</strong></span> <span class='ocrx_word' id='word_1_115' title='bbox 532 2012 594 2064; x_wconf 92' lang='lat' dir='ltr'>et</span> <span class='ocrx_word' id='word_1_116' title='bbox 623 2013 868 2084; x_wconf 90' lang='lat' dir='ltr'>sumpta</span> <span class='ocrx_word' id='word_1_117' title='bbox 891 2005 1014 2079; x_wconf 90' lang='lat' dir='ltr'>AS,</span> <span class='ocrx_word' id='word_1_118' title='bbox 1046 2006 1186 2065; x_wconf 89' lang='lat' dir='ltr'>sinu</span> <span class='ocrx_word' id='word_1_119' title='bbox 1215 2014 1293 2065; x_wconf 89' lang='lat'>45</span> <span class='ocrx_word' id='word_1_120' title='bbox 1326 2006 1627 2084; x_wconf 82' lang='lat' dir='ltr'>graduum</span> <span class='ocrx_word' id='word_1_121' title='bbox 1653 2033 1669 2076; x_wconf 92' lang='lat'>;</span> <span class='ocrx_word' id='word_1_122' title='bbox 1715 2017 1777 2067; x_wconf 91' lang='lat' dir='ltr'>et</span> <span class='ocrx_word' id='word_1_123' title='bbox 1807 2008 2000 2069; x_wconf 90' lang='lat' dir='ltr'>divisa</span> 
     </span>
     <span class='ocr_line' id='line_1_19' title="bbox 258 2099 1998 2174; baseline -0.001 -11"><span class='ocrx_word' id='word_1_124' title='bbox 258 2102 358 2163; x_wconf 92' lang='lat' dir='ltr'>SD</span> <span class='ocrx_word' id='word_1_125' title='bbox 386 2099 670 2161; x_wconf 83' lang='lat' dir='ltr'>bifariam</span> <span class='ocrx_word' id='word_1_126' title='bbox 699 2099 764 2159; x_wconf 89' lang='lat' dir='ltr'>in</span> <span class='ocrx_word' id='word_1_127' title='bbox 792 2099 864 2173; x_wconf 87' lang='grc' dir='ltr'>Τ,</span> <span class='ocrx_word' id='word_1_128' title='bbox 896 2099 1161 2159; x_wconf 90' lang='lat' dir='ltr'>circulus</span> <span class='ocrx_word' id='word_1_129' title='bbox 1191 2110 1405 2159; x_wconf 90' lang='lat' dir='ltr'>centro</span> <span class='ocrx_word' id='word_1_130' title='bbox 1440 2101 1512 2174; x_wconf 89' lang='grc' dir='ltr'>Τ,</span> <span class='ocrx_word' id='word_1_131' title='bbox 1542 2101 1862 2162; x_wconf 89' lang='lat' dir='ltr'>intervallo</span> <span class='ocrx_word' id='word_1_132' title='bbox 1890 2103 1998 2162; x_wconf 89' lang='lat' dir='ltr'>TV</span> 
     </span>
     <span class='ocr_line' id='line_1_20' title="bbox 257 2195 2000 2276; baseline -0.001 -17"><span class='ocrx_word' id='word_1_133' title='bbox 257 2197 617 2276; x_wconf 78' lang='lat' dir='ltr'>descrithS,</span> <span class='ocrx_word' id='word_1_134' title='bbox 672 2195 959 2255; x_wconf 86' lang='lat' dir='ltr'>transibit</span> <span class='ocrx_word' id='word_1_135' title='bbox 1015 2215 1126 2273; x_wconf 89' lang='lat' dir='ltr'>per</span> <span class='ocrx_word' id='word_1_136' title='bbox 1174 2196 1256 2269; x_wconf 89' lang='grc' dir='ltr'>Χ,</span> <span class='ocrx_word' id='word_1_137' title='bbox 1277 2196 1352 2268; x_wconf 91' lang='lat' dir='ltr'>Y,</span> <span class='ocrx_word' id='word_1_138' title='bbox 1406 2195 1637 2256; x_wconf 89' lang='lat' dir='ltr'>medias</span> <span class='ocrx_word' id='word_1_139' title='bbox 1691 2196 2000 2275; x_wconf 75' lang='lat' dir='ltr'>quaesitas,</span> 
     </span>
     <span class='ocr_line' id='line_1_21' title="bbox 255 2289 1998 2370; baseline -0.001 -18"><span class='ocrx_word' id='word_1_140' title='bbox 255 2293 370 2352; x_wconf 92' lang='lat' dir='ltr'>Vel</span> <span class='ocrx_word' id='word_1_141' title='bbox 399 2293 513 2351; x_wconf 88' lang='lat' dir='ltr'>sic:</span> <span class='ocrx_word' id='word_1_142' title='bbox 545 2310 582 2349; x_wconf 94' lang='lat' dir='ltr'>a</span> <span class='ocrx_word' id='word_1_143' title='bbox 609 2298 840 2370; x_wconf 90' lang='lat' dir='ltr'>puncto</span> <span class='ocrx_word' id='word_1_144' title='bbox 874 2290 915 2350; x_wconf 92' lang='lat' dir='ltr'>S</span> <span class='ocrx_word' id='word_1_145' title='bbox 948 2289 1210 2349; x_wconf 91' lang='lat' dir='ltr'>ducatur</span> <span class='ocrx_word' id='word_1_146' title='bbox 1238 2290 1762 2369; x_wconf 88' lang='lat' dir='ltr'>perpendicularis</span> <span class='ocrx_word' id='word_1_147' title='bbox 1787 2310 1998 2350; x_wconf 91' lang='lat' dir='ltr'>secans</span> 
     </span>
     <span class='ocr_line' id='line_1_22' title="bbox 257 2385 1996 2464; baseline -0.003 -15"><span class='ocrx_word' id='word_1_148' title='bbox 257 2385 706 2449; x_wconf 88' lang='lat' dir='ltr'>semicirculum</span> <span class='ocrx_word' id='word_1_149' title='bbox 747 2385 1123 2464; x_wconf 90' lang='lat' dir='ltr'>descriptum</span> <span class='ocrx_word' id='word_1_150' title='bbox 1164 2385 1337 2445; x_wconf 90' lang='lat' dir='ltr'>radio</span> <span class='ocrx_word' id='word_1_151' title='bbox 1379 2385 1503 2458; x_wconf 83' lang='lat' dir='ltr'>aV,</span> <span class='ocrx_word' id='word_1_152' title='bbox 1540 2385 1764 2444; x_wconf 89' lang='lat' dir='ltr'>iterum</span> <span class='ocrx_word' id='word_1_153' title='bbox 1806 2385 1870 2443; x_wconf 92' lang='lat' dir='ltr'>in</span> <span class='ocrx_word' id='word_1_154' title='bbox 1909 2385 1996 2454; x_wconf 88' lang='lat' dir='ltr'>Z;</span> 
     </span>
     <span class='ocr_line' id='line_1_23' title="bbox 257 2479 1996 2560; baseline -0.002 -18"><span class='ocrx_word' id='word_1_155' title='bbox 257 2491 318 2542; x_wconf 88' lang='lat' dir='ltr'>et</span> <span class='ocrx_word' id='word_1_156' title='bbox 353 2482 447 2543; x_wconf 95' lang='lat' dir='ltr'>PZ</span> <span class='ocrx_word' id='word_1_157' title='bbox 491 2480 793 2560; x_wconf 90' lang='lat' dir='ltr'>producta</span> <span class='ocrx_word' id='word_1_158' title='bbox 836 2479 1069 2539; x_wconf 90' lang='lat' dir='ltr'>incidet</span> <span class='ocrx_word' id='word_1_159' title='bbox 1105 2480 1170 2539; x_wconf 92' lang='lat' dir='ltr'>in</span> <span class='ocrx_word' id='word_1_160' title='bbox 1209 2480 1283 2552; x_wconf 92' lang='lat' dir='ltr'>Y,</span> <span class='ocrx_word' id='word_1_161' title='bbox 1314 2487 1612 2558; x_wconf 91' lang='lat' dir='ltr'>punctum</span> <span class='ocrx_word' id='word_1_162' title='bbox 1653 2479 1996 2558; x_wconf 79' lang='lat' dir='ltr'>quaesitum.</span> 
     </span>
     <span class='ocr_line' id='line_1_24' title="bbox 257 2574 1787 2653; baseline -0.002 -17"><span class='ocrx_word' id='word_1_163' title='bbox 257 2577 366 2636; x_wconf 91' lang='lat' dir='ltr'>Est</span> <span class='ocrx_word' id='word_1_164' title='bbox 395 2576 558 2636; x_wconf 90' lang='lat' dir='ltr'>enim</span> <span class='ocrx_word' id='word_1_165' title='bbox 589 2574 850 2653; x_wconf 83' lang='lat' dir='ltr'>angulus</span> <span class='ocrx_word' id='word_1_166' title='bbox 874 2575 1028 2633; x_wconf 90' lang='lat' dir='ltr'>VZP</span> <span class='ocrx_word' id='word_1_167' title='bbox 1050 2575 1115 2633; x_wconf 91' lang='lat' dir='ltr'>in</span> <span class='ocrx_word' id='word_1_168' title='bbox 1146 2574 1531 2634; x_wconf 88' lang='lat' dir='ltr'>semicirculo</span> <span class='ocrx_word' id='word_1_169' title='bbox 1561 2584 1787 2633; x_wconf 66' lang='lat' dir='ltr'>rectus</span> 
     </span>
    </p>

    <p class='ocr_par' dir='ltr' id='par_1_10' title="bbox 256 2667 1995 3028">
     <span class='ocr_line' id='line_1_25' title="bbox 341 2667 1995 2748; baseline -0.003 -17"><span class='ocrx_word' id='word_1_170' title='bbox 341 2671 572 2731; x_wconf 87' lang='lat' dir='ltr'>Contra</span> <span class='ocrx_word' id='word_1_171' title='bbox 609 2669 743 2729; x_wconf 77' lang='lat' dir='ltr'>haec</span> <span class='ocrx_word' id='word_1_172' title='bbox 773 2669 1076 2748; x_wconf 90' lang='lat' dir='ltr'>objiciunt</span> <span class='ocrx_word' id='word_1_173' title='bbox 1131 2669 1480 2747; x_wconf 83' lang='lat' dir='ltr'>algebristae</span> <span class='ocrx_word' id='word_1_174' title='bbox 1532 2668 1685 2728; x_wconf 91' lang='lat' dir='ltr'>duos</span> <span class='ocrx_word' id='word_1_175' title='bbox 1730 2667 1995 2727; x_wconf 90' lang='lat' dir='ltr'>calculos</span> 
     </span>
     <span class='ocr_line' id='line_1_26' title="bbox 257 2761 1993 2843; baseline -0.005 -16"><span class='ocrx_word' id='word_1_176' title='bbox 257 2766 674 2827; x_wconf 86' lang='lat' dir='ltr'>arithmeticos</span> <span class='ocrx_word' id='word_1_177' title='bbox 700 2787 714 2822; x_wconf 77' lang='lat' dir='ltr'><em>z</em></span> <span class='ocrx_word' id='word_1_178' title='bbox 745 2785 1008 2843; x_wconf 90' lang='lat' dir='ltr'>quorum</span> <span class='ocrx_word' id='word_1_179' title='bbox 1029 2765 1262 2843; x_wconf 90' lang='lat' dir='ltr'>primus</span> <span class='ocrx_word' id='word_1_180' title='bbox 1284 2773 1376 2823; x_wconf 91' lang='lat' dir='ltr'>est</span> <span class='ocrx_word' id='word_1_181' title='bbox 1396 2765 1432 2824; x_wconf 92' lang='lat' dir='ltr'><strong>J</strong></span> <span class='ocrx_word' id='word_1_182' title='bbox 1439 2763 1697 2823; x_wconf 87' lang='lat' dir='ltr'>ohannis</span> <span class='ocrx_word' id='word_1_183' title='bbox 1715 2761 1993 2834; x_wconf 91' lang='lat' dir='ltr'>Wallisii,</span> 
     </span>
     <span class='ocr_line' id='line_1_27' title="bbox 257 2857 1991 2941; baseline -0.004 -20"><span class='ocrx_word' id='word_1_184' title='bbox 257 2861 619 2941; x_wconf 89' lang='lat' dir='ltr'>professoris</span> <span class='ocrx_word' id='word_1_185' title='bbox 649 2860 1006 2937; x_wconf 79' lang='lat' dir='ltr'>geometriae</span> <span class='ocrx_word' id='word_1_186' title='bbox 1039 2859 1331 2918; x_wconf 90' lang='lat' dir='ltr'>Saviliani</span> <span class='ocrx_word' id='word_1_187' title='bbox 1372 2860 1437 2918; x_wconf 91' lang='lat' dir='ltr'>in</span> <span class='ocrx_word' id='word_1_188' title='bbox 1468 2857 1803 2919; x_wconf 86' lang='lat' dir='ltr'>Academia</span> <span class='ocrx_word' id='word_1_189' title='bbox 1832 2857 1991 2916; x_wconf 84' lang='lat' dir='ltr'>Oxo-</span> 
     </span>
     <span class='ocr_line' id='line_1_28' title="bbox 256 2953 682 3028; baseline -0.007 -13"><span class='ocrx_word' id='word_1_190' title='bbox 256 2955 475 3028; x_wconf 88' lang='lat' dir='ltr'>niensi,</span> <span class='ocrx_word' id='word_1_191' title='bbox 506 2953 682 3014; x_wconf 88' lang='lat' dir='ltr'>talis:</span> 
     </span>
    </p>

    <p class='ocr_par' dir='ltr' id='par_1_11' title="bbox 340 3046 1994 3125">
     <span class='ocr_line' id='line_1_29' title="bbox 340 3046 1994 3125; baseline -0.005 -14"><span class='ocrx_word' id='word_1_192' title='bbox 340 3054 378 3082; x_wconf 83' lang='lat'><strong><em>“</em></strong></span> <span class='ocrx_word' id='word_1_193' title='bbox 401 3051 706 3110; x_wconf 92' lang='lat' dir='ltr'>Ponamus</span> <span class='ocrx_word' id='word_1_194' title='bbox 757 3047 1024 3120; x_wconf 80' lang='lat' dir='ltr'>DV=1,</span> <span class='ocrx_word' id='word_1_195' title='bbox 1076 3047 1351 3125; x_wconf 89' lang='lat' dir='ltr'>adeoque</span> <span class='ocrx_word' id='word_1_196' title='bbox 1403 3047 1530 3106; x_wconf 93' lang='lat' dir='ltr'>DA</span> <span class='ocrx_word' id='word_1_197' title='bbox 1584 3047 1680 3106; x_wconf 90' lang='lat' dir='ltr'>vel</span> <span class='ocrx_word' id='word_1_198' title='bbox 1737 3046 1994 3105; x_wconf 79' lang='lat' dir='ltr'><strong>DP=2.</strong></span> 
     </span>
    </p>
   </div>
   <div class='ocr_carea' id='block_1_3' title="bbox 255 3273 1993 3574">
    <p class='ocr_par' dir='ltr' id='par_1_12' title="bbox 255 3273 1993 3574">
     <span class='ocr_line' id='line_1_30' title="bbox 325 3273 1993 3342; baseline -0.007 -14"><span class='ocrx_word' id='word_1_199' title='bbox 325 3287 355 3315; x_wconf 52' lang='grc' dir='ltr'>’κ</span> <span class='ocrx_word' id='word_1_200' title='bbox 383 3284 414 3307; x_wconf 92' lang='lat'><strong>“</strong></span> <span class='ocrx_word' id='word_1_201' title='bbox 427 3280 466 3328; x_wconf 72' lang='lat' dir='ltr'>,J</span> <span class='ocrx_word' id='word_1_202' title='bbox 468 3286 680 3342; x_wconf 85' lang='lat' dir='ltr'>ungatur</span> <span class='ocrx_word' id='word_1_203' title='bbox 698 3277 817 3335; x_wconf 90' lang='lat' dir='ltr'>YX,</span> <span class='ocrx_word' id='word_1_204' title='bbox 840 3293 1004 3324; x_wconf 84' lang='lat' dir='ltr'>secans</span> <span class='ocrx_word' id='word_1_205' title='bbox 1029 3276 1168 3338; x_wconf 82' lang='lat' dir='ltr'>asin</span> <span class='ocrx_word' id='word_1_206' title='bbox 1191 3277 1222 3323; x_wconf 73' lang='lat' dir='ltr'>i.</span> <span class='ocrx_word' id='word_1_207' title='bbox 1265 3275 1407 3324; x_wconf 85' lang='lat' dir='ltr'>Secta</span> <span class='ocrx_word' id='word_1_208' title='bbox 1431 3283 1591 3323; x_wconf 84' lang='lat' dir='ltr'>autem</span> <span class='ocrx_word' id='word_1_209' title='bbox 1610 3281 1681 3322; x_wconf 89' lang='lat' dir='ltr'>est</span> <span class='ocrx_word' id='word_1_210' title='bbox 1698 3273 1795 3320; x_wconf 90' lang='lat' dir='ltr'>PX</span> <span class='ocrx_word' id='word_1_211' title='bbox 1813 3289 1840 3319; x_wconf 88' lang='lat' dir='ltr'>a</span> <span class='ocrx_word' id='word_1_212' title='bbox 1862 3279 1993 3319; x_wconf 89' lang='lat' dir='ltr'>recta</span> 
     </span>
     <span class='ocr_line' id='line_1_31' title="bbox 255 3349 1992 3418; baseline -0.006 -14"><span class='ocrx_word' id='word_1_213' title='bbox 255 3358 346 3407; x_wconf 85' lang='lat' dir='ltr'>aT</span> <span class='ocrx_word' id='word_1_214' title='bbox 367 3358 604 3406; x_wconf 87' lang='lat' dir='ltr'>bifariam.</span> <span class='ocrx_word' id='word_1_215' title='bbox 675 3357 810 3418; x_wconf 84' lang='lat' dir='ltr'>Ergo</span> <span class='ocrx_word' id='word_1_216' title='bbox 848 3357 992 3403; x_wconf 91' lang='lat' dir='ltr'>ducta</span> <span class='ocrx_word' id='word_1_217' title='bbox 1016 3355 1131 3412; x_wconf 87' lang='lat' dir='ltr'>XT,</span> <span class='ocrx_word' id='word_1_218' title='bbox 1169 3362 1218 3402; x_wconf 92' lang='lat' dir='ltr'>et</span> <span class='ocrx_word' id='word_1_219' title='bbox 1240 3355 1488 3416; x_wconf 89' lang='lat' dir='ltr'>producta,</span> <span class='ocrx_word' id='word_1_220' title='bbox 1526 3354 1705 3401; x_wconf 82' lang='lat' dir='ltr'>incidet</span> <span class='ocrx_word' id='word_1_221' title='bbox 1727 3352 1778 3397; x_wconf 92' lang='lat' dir='ltr'>in</span> <span class='ocrx_word' id='word_1_222' title='bbox 1802 3351 1854 3396; x_wconf 92' lang='lat' dir='ltr'>Z.</span> <span class='ocrx_word' id='word_1_223' title='bbox 1924 3349 1992 3394; x_wconf 88' lang='lat' dir='ltr'>Et</span> 
     </span>
     <span class='ocr_line' id='line_1_32' title="bbox 257 3428 1989 3498; baseline -0.007 -16"><span class='ocrx_word' id='word_1_224' title='bbox 257 3435 350 3482; x_wconf 90' lang='lat' dir='ltr'>XZ</span> <span class='ocrx_word' id='word_1_225' title='bbox 374 3436 569 3498; x_wconf 83' lang='lat' dir='ltr'>aequalis</span> <span class='ocrx_word' id='word_1_226' title='bbox 606 3442 679 3483; x_wconf 90' lang='lat' dir='ltr'>est</span> <span class='ocrx_word' id='word_1_227' title='bbox 719 3435 953 3481; x_wconf 90' lang='lat' dir='ltr'>diametro</span> <span class='ocrx_word' id='word_1_228' title='bbox 978 3432 1093 3479; x_wconf 90' lang='lat' dir='ltr'>YV.</span> <span class='ocrx_word' id='word_1_229' title='bbox 1165 3432 1299 3494; x_wconf 83' lang='lat' dir='ltr'>Ergo</span> <span class='ocrx_word' id='word_1_230' title='bbox 1335 3439 1435 3478; x_wconf 88' lang='lat' dir='ltr'>tam</span> <span class='ocrx_word' id='word_1_231' title='bbox 1461 3432 1539 3478; x_wconf 83' lang='lat' dir='ltr'>Te</span> <span class='ocrx_word' id='word_1_232' title='bbox 1561 3446 1703 3492; x_wconf 89' lang='lat' dir='ltr'>quam</span> <span class='ocrx_word' id='word_1_233' title='bbox 1729 3428 1799 3474; x_wconf 82' lang='lat' dir='ltr'>Ti</span> <span class='ocrx_word' id='word_1_234' title='bbox 1821 3432 1892 3473; x_wconf 85' lang='lat' dir='ltr'>est</span> <span class='ocrx_word' id='word_1_235' title='bbox 1916 3441 1989 3471; x_wconf 89' lang='lat' dir='ltr'>se-</span> 
     </span>
     <span class='ocr_line' id='line_1_33' title="bbox 256 3502 1988 3574; baseline -0.007 -14"><span class='ocrx_word' id='word_1_236' title='bbox 256 3514 413 3561; x_wconf 90' lang='lat' dir='ltr'>missis</span> <span class='ocrx_word' id='word_1_237' title='bbox 435 3521 579 3562; x_wconf 87' lang='lat' dir='ltr'>rectae</span> <span class='ocrx_word' id='word_1_238' title='bbox 603 3513 723 3571; x_wconf 83' lang='lat' dir='ltr'>VK,</span> <span class='ocrx_word' id='word_1_239' title='bbox 750 3520 798 3560; x_wconf 89' lang='lat' dir='ltr'>et</span> <span class='ocrx_word' id='word_1_240' title='bbox 834 3511 1034 3574; x_wconf 88' lang='lat' dir='ltr'>proinde</span> <span class='ocrx_word' id='word_1_241' title='bbox 1058 3511 1186 3559; x_wconf 87' lang='lat' dir='ltr'>inter</span> <span class='ocrx_word' id='word_1_242' title='bbox 1211 3527 1260 3559; x_wconf 85' lang='lat' dir='ltr'>se</span> <span class='ocrx_word' id='word_1_243' title='bbox 1284 3510 1501 3571; x_wconf 87' lang='lat' dir='ltr'>aequales.</span> <span class='ocrx_word' id='word_1_244' title='bbox 1573 3509 1638 3555; x_wconf 85' lang='lat' dir='ltr'>Et</span> <span class='ocrx_word' id='word_1_245' title='bbox 1662 3505 1837 3567; x_wconf 80' lang='lat' dir='ltr'>anguli,</span> <span class='ocrx_word' id='word_1_246' title='bbox 1864 3502 1988 3550; x_wconf 84' lang='lat' dir='ltr'>etc.⁷’</span> 
     </span>
    </p>
   </div>
   <div class='ocr_carea' id='block_1_4' title="bbox 257 3590 562 3639">
    <p class='ocr_par' dir='ltr' id='par_1_13' title="bbox 257 3590 562 3639">
     <span class='ocr_line' id='line_1_34' title="bbox 257 3590 562 3639; baseline 0 -2"><span class='ocrx_word' id='word_1_247' title='bbox 257 3590 386 3638; x_wconf 88' lang='lat' dir='ltr'>Edit.</span> <span class='ocrx_word' id='word_1_248' title='bbox 420 3593 562 3639; x_wconf 82' lang='lat'><strong>1662.</strong></span> 
     </span>
    </p>
   </div>
  </div>
 </body>
</html>
