2462 4120
450 381 569 433 312
911 393 1379 437 PROBLEMATA
1412 396 1736 440 PHYSICA.

171 550 283 582 GAP.
310 551 343 583 1.
449 548 600 606 opus
648 529 728 587 sit
768 530 972 608 capiat
1018 533 1194 592 aeris.
1284 534 1355 592 In
1404 554 1588 593 causa
1625 545 1833 594 autem
1873 543 1987 607 est,
2028 535 2192 613 quod

116 657 380 704 Degmvitaoe,
446 630 688 680 tantum
735 623 824 681 illi
854 624 1015 684 inest
1055 627 1229 699 aeris,
1260 635 1330 686 ut
1370 636 1570 686 totum
1621 628 1800 686 simul
1840 647 1946 687 vas
1987 635 2049 686 et
2087 647 2193 686 aer

446 714 686 774 facilius
717 736 753 774 a
781 724 948 776 terra
976 719 1150 795 rejici
1179 720 1393 797 possit,
1425 739 1606 797 quam
1637 721 1826 780 moles
1860 741 2034 799 aquae
2063 740 2193 779 am-

443 809 641 867 bobus
671 810 937 887 aequalis,

533 900 615 959 A.
664 901 844 960 Unde
880 903 952 961 fit
996 911 1066 960 ut
1111 903 1333 980 piscis:
1381 904 1646 962 maxime
1690 924 1837 964 vero
1882 905 1987 983 qui
2015 904 2193 964 valde

444 995 607 1054 latus
638 997 960 1074 tenuisque
992 996 1091 1067 sit,
1115 1006 1188 1055 ut
1216 1016 1427 1074 passer
1457 1005 1519 1055 et
1548 998 1873 1056 rhombus:
1906 999 1971 1056 in
2000 998 2192 1057 fundo

446 1089 632 1148 maris
662 1098 836 1148 tanto
869 1110 1043 1167 aquae
1071 1089 1343 1167 pondere
1387 1090 1800 1148 incumbentis
1844 1110 2190 1168 oppressuS,

442 1202 568 1241 non
597 1191 810 1262 pereat
835 1182 854 1240 ?

527 1277 609 1336 B.
659 1277 821 1337 Quia
849 1276 1064 1354 gravia
1096 1275 1303 1334 omnia
1332 1276 1595 1335 tendunt
1627 1276 1705 1335 ad
1752 1276 1922 1354 globi
1966 1283 2191 1334 terres-

443 1369 556 1428 tris
609 1378 908 1428 centrum.
1024 1369 1186 1427 Nam
1234 1389 1271 1427 a
1324 1369 1620 1428 descensu
1669 1369 1937 1447 partium
1987 1369 2191 1447 gravis

443 1463 617 1521 fluidi
648 1463 864 1521 eodem
895 1472 1172 1540 tempore
1203 1463 1476 1520 omnium
1507 1482 1717 1521 versus
1760 1483 1952 1521 unum
1999 1483 2192 1541 punc-

443 1566 596 1628 tum,
629 1556 973 1614 necessario
1001 1556 1197 1615 oritur
1220 1556 1444 1634 ubique
1475 1556 1926 1615 concameratio
1950 1556 2090 1615 talis
2122 1566 2193 1615 ut

442 1670 582 1728 pars
614 1651 890 1727 superior
919 1649 1269 1708 inferiorem
1295 1669 1572 1726 premere
1603 1669 1726 1707 non
1757 1649 1972 1727 possit.

526 1741 601 1801 A.
651 1743 1118 1803 Concameratio
1145 1743 1358 1803 similis
1390 1763 1498 1803 cur
1527 1763 1652 1802 non
1683 1743 1747 1801 in
1777 1763 1917 1802 aere
1949 1763 2191 1822 quoque

444 1845 537 1895 est
565 1836 584 1894 Ρ

526 1930 608 1989 Β.
658 1930 790 1990 Est.

525 2024 606 2083 A.
656 2025 985 2085 Quomodo
1028 2044 1175 2102 ergo
1213 2024 1302 2099 (id
1343 2024 1509 2102 quod
1558 2045 1595 2083 a
1631 2024 2009 2102 philosophis
2057 2023 2190 2102 qui-

441 2117 699 2176 busdam
759 2138 792 2177 e
843 2118 1159 2177 Societate
1224 2118 1655 2177 Greshamensi
1721 2117 2035 2187 scribitur)
2088 2136 2194 2175 aer

440 2211 695 2270 inferior
725 2233 761 2270 a
792 2211 1103 2289 superiore
1147 2211 1498 2289 gravitante
1547 2211 1994 2289 comprimitur,
2026 2209 2191 2268 unde

441 2306 588 2363 oriri
619 2305 833 2363 scribit
864 2306 1020 2364 aeris
1052 2305 1362 2383 quandam
1391 2305 1515 2364 vim
1546 2305 1901 2364 elasticam?
1965 2304 2064 2362 An
2087 2323 2192 2362 aer

438 2417 631 2476 prope
654 2408 902 2470 terram,
936 2397 1210 2475 impurus
1229 2417 1339 2476 per
1361 2398 1710 2456 commistas
1731 2397 1818 2456 illi
1837 2397 2190 2475 particulaS,

441 2491 682 2550 dicetur
712 2491 1059 2570 gravitare?

527 2586 607 2645 B.
657 2586 823 2646 Quid
855 2586 904 2645 si
935 2606 1110 2664 aquae
1142 2585 1356 2644 oceani
1386 2585 1663 2662 permisti
1709 2594 1915 2643 essent
1960 2584 2191 2662 pulvis-

441 2679 562 2738 culi
620 2689 833 2739 terrae:
881 2701 958 2739 an
1010 2679 1150 2738 ideo
1197 2679 1395 2757 pisces
1446 2679 1510 2736 in
1559 2699 1631 2737 ea
1677 2698 1835 2756 aqua
1885 2678 2190 2756 opprime-

439 2772 696 2832 rentur?

522 2865 598 2925 A.
646 2867 902 2925 Minime
934 2866 1200 2945 quidem,
1234 2864 1379 2923 dum
1423 2864 1624 2942 pulvis
1671 2864 1793 2936 ille,
1826 2864 1942 2924 etsi
1992 2864 2192 2943 plum-

438 2961 610 3032 beus,
643 2960 719 3018 ab
751 2981 909 3038 aqua
941 2967 1318 3019 sustentatus
1349 2958 1573 3016 fluitat.

527 3054 607 3112 B.
657 3054 779 3111 Sed
828 3054 1073 3112 fluitant
1133 3073 1269 3131 quae
1317 3062 1461 3111 sunt
1500 3053 1564 3109 in
1617 3070 1757 3109 aere
1799 3051 1924 3109 sive
1966 3059 2192 3110 atmos-

439 3147 650 3225 phaera
697 3147 887 3205 atomi
933 3158 1133 3206 terrae.
1237 3147 1454 3224 Itaque
1506 3145 1610 3224 qui
1654 3145 1740 3203 sic
1790 3144 2189 3223 scripserunt,

440 3260 563 3299 non
596 3240 741 3299 satis
771 3240 859 3298 rei
884 3250 1170 3299 naturam
1202 3240 1602 3318 contemplati
1633 3248 1797 3298 sunt.

525 3334 606 3393 A.
652 3335 785 3392 Tua
808 3333 961 3406 haee,
995 3334 1120 3392 sive
1165 3354 1309 3392 vera
1340 3333 1464 3392 sive
1505 3332 1679 3402 falsa,
1712 3331 2022 3410 specimen
2061 3331 2191 3390 veri

439 3437 605 3486 certe
630 3427 878 3485 habent.
967 3428 1047 3485 Et
1078 3428 1367 3504 quoniam
1397 3446 1576 3485 nemo
1602 3445 1849 3484 causam
1868 3425 2189 3502 gravitatis

437 3522 626 3580 ullam
656 3521 955 3580 hactenus
987 3521 1320 3598 assignavit
1338 3529 1563 3598 praeter
1583 3519 1777 3598 ipsam
1798 3518 2188 3597 gravitatem,

439 3615 559 3674 tuis
591 3615 654 3673 in
679 3613 1005 3693 praesentia
1034 3613 1439 3691 acquiescam.
