2462 4120
549 346 665 401 500
1083 355 1379 400 CURATIO
1415 355 1738 397 SPHAERAE4·

255 503 393 535 PROP·
422 503 490 534 ix.
549 495 827 573 scriptus,
874 494 937 552 et
978 504 1147 554 recta
1189 495 1461 573 proxime
1506 511 1900 570 consequen5‚
1947 513 2010 552 se
2053 500 2264 553 mutuo

243 559 477 588 κ-Ὓ--κ

553 598 762 649 secent
802 588 866 646 in
909 598 1077 647 recta
1107 586 1255 649 AO:
1306 600 1375 647 ut
1417 586 1926 667 quemadmodum
1972 606 2147 646 arcus
2190 587 2278 645 ab²

556 681 663 744 AC
693 691 859 741 secat
891 678 1010 754 YQ
1037 681 1100 740 in
1130 682 1195 755 P,
1226 681 1314 741 ita
1343 701 1518 741 arcus
1547 682 1622 740 ab
1654 678 1778 739 AY
1810 689 1971 740 secet
2002 680 2083 740 Zc
2113 680 2177 739 in
2205 680 2276 739 d.·

1154 918 1567 961 PROPOSITIO
1606 920 1676 961 X.

643 1046 933 1107 Calculus
955 1047 1297 1107 numerica-5·
1320 1047 1758 1127 quadratorum
1783 1067 1823 1107 a
1844 1055 2076 1128 septem
2104 1055 2276 1108 ante-

560 1141 747 1202 dictis
775 1141 965 1199 rectis
995 1139 1122 1213 AC,
1147 1139 1292 1213 AY,
1317 1139 1444 1213 AZ,
1468 1149 1580 1200 ete.

643 1234 1031 1293 Manifestum
1057 1242 1160 1292 est·
1176 1234 1309 1311 (per
1331 1234 1500 1293 Eucl.
1525 1235 1564 1293 i.
1585 1234 1691 1311 47)
1726 1234 1889 1313 quod
1918 1233 2279 1313 quadratum

560 1329 637 1387 ab
668 1326 781 1388 AO
813 1327 891 1386 ad
922 1326 1284 1405 quadratum
1314 1327 1390 1385 ab
1422 1326 1530 1387 AC
1559 1328 1655 1386 vel
1684 1327 1815 1399 ΑΡ,
1839 1338 1930 1387 est
1958 1337 2027 1387 ut
2052 1335 2085 1386 5
2111 1327 2279 1396 ad43

563 1422 704 1501 quia
733 1422 854 1493 GC,
875 1421 1119 1498 aequalis
1140 1419 1268 1492 AC,
1293 1430 1459 1480 secta
1482 1430 1575 1481 est
1596 1421 1876 1480 bifariam
1898 1422 1960 1480 in
1984 1421 2065 1481 O:
2098 1431 2161 1480 et
2190 1430 2284 1480 est

563 1527 632 1577 ut
661 1514 774 1577 AO
806 1515 883 1575 ad
913 1514 1022 1573 AC
1051 1514 1146 1573 vel
1177 1513 1307 1584 ΑΡ,
1338 1515 1423 1573 ita
1454 1513 1565 1574 AP
1596 1515 1673 1573 ad
1703 1513 1827 1573 AY
1858 1515 1952 1574 vel
1980 1512 2117 1588 YQ.

650 1611 900 1680 RursuS,
923 1607 1065 1687 quia
1088 1605 1225 1681 YQ,
1250 1609 1537 1687 parallela¹
1562 1609 1684 1682 GC,
1708 1617 1872 1668 secta
1895 1618 1987 1668 est
2010 1608 2285 1668 bifariam

566 1706 627 1764 in
659 1705 724 1776 P,
757 1702 1122 1781 quadratum
1151 1702 1226 1761 ab
1258 1701 1383 1762 AY
1413 1702 1508 1761 vel
1540 1700 1660 1777 YQ
1687 1711 1779 1762 est
1818 1702 1897 1762 ad
1925 1702 2285 1782 quadratum

568 1820 606 1859 a
628 1799 709 1857 Ze
726 1807 796 1855 ut
827 1803 861 1855 5
895 1795 974 1855 ad
995 1803 1062 1855 4:
1095 1796 1236 1875 quia
1259 1794 1381 1869 GC,
1407 1795 1488 1855 Ze
1512 1806 1653 1856 sunt
1684 1797 2005 1874 parallelae,
2029 1805 2090 1856 et
2119 1806 2288 1857 recta

570 1890 684 1952 AO
717 1900 883 1950 secat
912 1909 1120 1948 arcum
1151 1887 1253 1949 Yb
1281 1889 1358 1949 ad
1391 1889 1451 1963 d,
1482 1900 1545 1950 et
1580 1889 1870 1950 dividitur
1898 1891 1982 1950 Ze
2009 1890 2288 1950 bifariam

567 1987 630 2046 in
663 1985 724 2045 d.
2122 2028 2124 2030 -
2215 1985 2219 1989 ’
2286 2022 2289 2028 ι

652 2080 827 2149 Item,
859 2078 1222 2156 quadratum
1252 2098 1289 2138 a
1320 2078 1421 2150 Ze,
1455 2079 1619 2158 quod
1658 2089 1751 2139 est
1786 2087 1859 2140 10
1895 2099 2152 2158 quorum
2181 2077 2288 2139 AC

572 2173 937 2254 quadratum
977 2182 1069 2232 est
1118 2179 1210 2245 16,
1241 2183 1336 2232 est
1365 2173 1443 2232 ad
1483 2174 1845 2252 quadratum
1885 2174 1960 2233 ab
1990 2174 2100 2246 hL,
2130 2172 2292 2252 quod

572 2277 665 2327 est
695 2274 732 2327 8
764 2286 1020 2345 quorum
1052 2265 1159 2327 AC
1189 2266 1550 2345 quadratum
1582 2275 1673 2327 est
1710 2274 1801 2341 16,
1831 2277 1902 2327 ut
1940 2274 2011 2328 10
2039 2268 2117 2327 ad
2149 2274 2206 2341 8,
2229 2267 2294 2326 id

576 2370 668 2421 est
697 2370 764 2420 ut
796 2366 831 2419 5
863 2360 942 2420 ad
965 2368 1023 2421 4.

658 2455 832 2526 Item,
876 2453 1161 2532 quoniam
1202 2454 1563 2532 quadratum
1607 2455 1682 2514 ab
1714 2453 1820 2515 AC
1852 2463 2160 2514 ostensum
2204 2465 2297 2514 est

577 2548 808 2628 aequale
840 2555 911 2607 10
934 2547 1242 2625 quadratis
1266 2568 1301 2607 a
1324 2549 1538 2627 quinta
1564 2558 1737 2627 parte
1761 2569 1936 2608 arcus
1970 2548 2095 2621 BC,
2121 2549 2296 2608 dimi-

580 2643 748 2702 dium
792 2643 940 2720 erS,
982 2641 1098 2699 hoc
1143 2650 1234 2700 est
1278 2641 1642 2719 quadratum
1685 2643 1760 2702 ab
1791 2643 1900 2715 hL,
1931 2643 2162 2721 aequale
2205 2653 2299 2702 est

581 2739 846 2816 quinque
870 2734 1180 2814 quadratis
1202 2735 1278 2794 ab
1304 2735 1517 2794 eadem
1540 2736 1754 2814 quinta
1780 2745 1954 2814 parte
1977 2755 2153 2796 arcus
2177 2736 2298 2796 BC.

585 2831 707 2892 Sed
749 2839 1059 2890 ostensum
1100 2839 1194 2887 est
1235 2837 1463 2888 rectam
1495 2828 1584 2902 eb,
1626 2829 1723 2888 vel
1753 2828 1866 2902 Ae,
1903 2829 2134 2908 aequale
2173 2849 2301 2889 esse

584 2925 816 2985 duabus
840 2922 1064 3002 quintis
1083 2942 1259 2981 arcus
1283 2922 1405 2996 BC,
1429 2931 1490 2982 et
1512 2922 1765 3000 proinde
1789 2922 2152 3002 quadratum
2174 2925 2301 3002 ejus

585 3018 816 3099 aequale
847 3037 977 3077 esse
1009 3025 1268 3095 quatuor
1291 3016 1601 3094 quadratis
1630 3037 1668 3076 a
1690 3017 1903 3096 quinta
1930 3026 2102 3096 parte
2125 3037 2301 3077 arcus

587 3114 711 3174 BC.
810 3131 813 3137 ¹

669 3209 778 3268 Est
797 3225 941 3284 ergo
963 3204 1327 3284 quadratum
1350 3205 1426 3264 ab
1446 3205 1536 3266 721,
1555 3205 1680 3265 sive
1701 3204 1816 3278 Ah,
1837 3205 1916 3265 ad
1940 3204 2305 3285 quadratum

589 3303 666 3363 ab
698 3301 769 3360 eb
801 3300 927 3360 sive
957 3297 1069 3369 Ae,
1099 3306 1170 3356 ut
1202 3306 1235 3356 5
1268 3298 1346 3357 ad
1375 3306 1433 3357 4.

674 3397 1004 3465 PostremO,
1027 3412 1164 3451 cum
1188 3392 1486 3470 quadrata
1509 3395 1583 3452 ab
1609 3391 1737 3466 AO,
1758 3392 1885 3466 AZ,
1905 3391 1999 3452 Ae
2017 3371 2139 3452 sint
2162 3412 2306 3452 eon-

591 3491 762 3549 tinne
791 3486 1267 3568 proportionalia
1289 3487 1351 3546 in
1381 3488 1616 3547 ratione
1654 3494 1725 3547 16
1757 3487 1836 3546 ad
1873 3494 1943 3547 10
1974 3487 2097 3546 sive
2133 3491 2206 3546 10
2229 3485 2308 3545 ad

592 3588 685 3654 δὲ,
710 3584 826 3643 erit
849 3582 1208 3661 quadratum
1233 3581 1309 3640 ab
1330 3580 1422 3640 Ae
1442 3578 1515 3643 δὲ
1541 3601 1749 3642 eorum
1775 3600 2031 3659 quorum
2050 3579 2306 3659 quadra:-
