2462 4120
603 391 1072 435 PROBLEMATA
1106 393 1416 436 PHYsmA.
1755 385 1868 439 351

227 533 308 592 B.
357 531 681 602 Nimirum,
714 529 958 608 quando
989 530 1181 588 nubes
1213 539 1276 588 et
1304 529 1510 607 pluvia
1540 541 1681 590 sunt
1719 532 1880 592 infra
1968 554 2079 586 GAP·
2106 552 2175 584 Ἦ.

143 626 524 687 horizontem
552 625 615 684 in
644 625 780 684 loco
804 623 966 685 unde
988 624 1183 683 videri
1213 624 1406 684 nubes
1428 643 1552 683 non
1572 634 1876 704 poterant,
1901 610 2237 705 Dema,

144 741 259 782 nec
282 720 479 782 audiri
507 719 796 779 tonitrua.
1899 714 2052 760 aliisque
2070 712 2156 748 coeu
2176 722 2236 748 va·

1899 768 2100 806 rietatibus.

230 815 310 876 A.
361 815 571 874 Nubes
590 813 899 893 congelari
926 812 1159 892 primus
1183 811 1504 890 supposuit
1525 811 1837 873 Cartesius
1864 838 1876 873 :

145 918 210 970 et
236 909 380 970 inde
410 909 768 988 contingere
793 906 1140 986 aliquandO,
1161 914 1231 966 ut
1255 906 1518 985 plurima
1537 906 1883 985 fragmenta

142 1003 361 1083 glaciei
403 1003 589 1064 situm
630 1003 794 1063 inter
834 1022 896 1062 se
938 1003 1124 1062 talem
1164 1001 1451 1071 habeant,
1481 1010 1553 1060 ut
1592 1010 1882 1080 tanquam

141 1099 398 1160 totidem
442 1099 687 1179 specula
731 1099 935 1179 plures
984 1097 1281 1177 imagines
1329 1096 1475 1157 solis
1526 1096 1591 1156 in
1638 1098 1881 1158 oculum

142 1194 547 1256 reflecterent.

808 1689 983 1749 CAP.
1037 1688 1175 1747 VII.

146 1853 609 1896 PROBLEMATA
680 1855 769 1895 DE
835 1855 1033 1896 MOTU
1106 1851 1728 1894 PERPENDICULARI
1798 1853 1882 1894 ET

229 1949 578 1997 OBLIQU01
627 1950 986 1991 REFRACTO
1022 1949 1107 1990 ET
1139 1947 1461 1988 REFLEXO
1492 1951 1504 1987 Ξ
1554 1948 1644 1988 DE
1680 1916 1882 1989 PREsss

230 2044 441 2086 SIONE
491 2045 577 2086 ΕΤ
627 2045 1150 2088 PERCUSSIONE:
1198 2043 1290 2083 DE
1341 2042 1740 2085 TRACTIONE
1796 2044 1882 2085 ET

226 2139 598 2181 PULSIONE.

226 2245 305 2306 A.
355 2247 426 2307 81
456 2246 581 2326 pila
609 2267 646 2306 a
675 2246 819 2306 dato
841 2254 1071 2326 puncto
1097 2245 1394 2325 parietem
1420 2245 1599 2305 feriat
1623 2266 1880 2325 perpen-

145 2339 519 2414 diculariter,
567 2352 630 2401 et
685 2362 895 2402 rursus
950 2343 1024 2401 ab
1073 2341 1290 2400 eodem
1338 2350 1571 2419 puncto
1617 2341 1879 2400 eundem

141 2436 437 2515 parietem
477 2438 741 2516 oblique,
774 2458 1054 2517 quaenam
1101 2436 1218 2496 erit
1253 2435 1409 2495 ratio
1456 2436 1677 2495 virium
1717 2437 1880 2495 inter

144 2549 209 2590 se
255 2531 474 2610 quibus
524 2533 822 2611 parietem
867 2530 1132 2611 urgent?
1220 2529 1500 2608 Exempli
1551 2550 1751 2601 eausa,
1799 2531 1879 2590 sit

142 2626 342 2704 paries
371 2626 511 2699 AB,
532 2627 742 2687 datum
772 2637 1070 2707 punctum
1100 2627 1169 2700 Ε,
1195 2626 1498 2704 solopetus
1531 2625 1658 2698 ΟΕ,
1691 2646 1727 2684 a
1756 2646 1877 2704 quo

144 2719 458 2779 emittatur
485 2721 611 2799 pila
637 2723 1222 2801 perpendiculariter
1252 2721 1330 2780 ad
1355 2722 1420 2779 F.
1483 2721 1696 2799 Sitque
1727 2720 1878 2779 selo-

143 2823 322 2892 petus
353 2813 508 2874 alter
536 2816 678 2888 DE,
707 2837 743 2875 a
773 2837 894 2896 quo
920 2817 1139 2877 emissa
1166 2816 1291 2896 pila
1319 2815 1553 2875 incidat
1590 2816 1653 2875 in
1684 2815 1875 2893 parie-

145 2919 272 2967 tem
322 2907 401 2967 ad
450 2907 504 2968 G
556 2910 818 2988 oblique,
869 2912 977 2971 sed
1025 2912 1350 2971 velocitate
1401 2910 1555 2989 pari.
1673 2909 1877 2970 Quam

146 3001 448 3061 rationem
476 3002 789 3064 habebunt
816 3006 978 3065 inter
1008 3026 1072 3066 se
1102 3026 1311 3066 earum
1340 3005 1542 3064 ictus?

228 3094 307 3155 B.
339 3095 446 3155 Vis
465 3096 621 3156 ictus
643 3118 773 3175 per·
981 3099 1010 3130 Α
1053 3100 1081 3129 F
1352 3098 1384 3127 ‘³
1807 3098 1835 3128 B

145 3190 551 3269 pendicularis
564 3191 679 3251 erit
698 3192 776 3251 ad

147 3285 271 3343 vim
341 3284 645 3363 obliquam
710 3286 774 3344 in

147 3379 387 3438 ratione
432 3389 616 3439 reetae
662 3376 776 3440 EG
950 3449 957 3456 Ἴ

147 3473 227 3533 ad
258 3481 485 3532 rectam
514 3474 640 3532 EF.
874 3448 980 3597 ὲ(
1695 3495 1722 3521 1¹

233 3566 314 3627 A.
362 3566 485 3626 Qui
513 3567 646 3624 fieri
668 3586 769 3644 po·
823 3585 854 3617 D

148 3668 270 3720 test
288 3670 359 3720 ut
379 3670 550 3721 tanta
561 3661 639 3720 sit
658 3660 766 3720 dif-
