2462 4120
560 394 1085 440 MATHEMATICAE
1121 396 1526 439 HODIERNAE.
1807 384 1918 448 179

187 545 245 612 Ο,
271 546 329 609 3,
348 546 406 612 6,
430 544 496 606 9;
543 536 648 595 ubi
678 553 916 593 summa
945 533 1227 592 maximae
1259 544 1319 592 et
1350 536 1635 608 minimae,
1657 535 1718 595 id
1742 547 1835 596 est
1859 544 1918 608 9,
1989 558 2237 591 nmLoGns

187 633 370 693 ducta
397 633 459 691 in
489 630 799 691 semissem
831 628 1070 686 numeri
1100 628 1523 701 terminorum,
1550 638 1608 702 2,
1640 630 1786 689 facit
1826 638 1917 702 18,
2092 628 2138 658 v.
2222 683 2230 695 ,

186 728 494 788 semissem
525 725 694 784 ducti
718 732 754 784 9
778 724 843 783 in
874 742 1198 782 numerum
1228 723 1631 782 terminorum
1652 731 1710 783 4.
1766 725 1920 784 Geo-

183 822 436 882 metrice
488 820 674 879 etiam
721 817 971 898 probari
1020 826 1245 895 potest,
1293 817 1511 876 eodem
1563 830 1923 895 argumento

185 936 305 996 quo
327 914 701 994 triangulum
728 911 1075 973 ostenditur
1093 907 1650 991 parallelogrammi
1680 914 1772 971 sui
1796 933 1923 972 esse

184 1009 523 1070 dimidium.

266 1104 347 1165 A.
392 1103 798 1164 Notissimum
833 1110 945 1163 est.
1033 1101 1156 1161 Sed
1204 1118 1330 1160 non
1382 1100 1485 1159 hic
1538 1100 1613 1159 de
1665 1101 1925 1159 veritate

183 1199 475 1279 quaeritur
503 1198 928 1270 conclusioniS‚
977 1197 1086 1258 sed
1115 1195 1672 1255 demonstrationis
1764 1195 1925 1254 Nam

182 1314 293 1374 per
320 1295 738 1355 inductionem
769 1294 1010 1372 probat.
1099 1291 1388 1353 Inductio
1419 1300 1626 1351 autem
1675 1290 1926 1350 demon*-

185 1389 401 1449 stratio
431 1409 555 1449 non
588 1398 700 1461 est,
731 1388 848 1447 nisi
877 1388 984 1446 ubi
1012 1386 1408 1466 particularia
1438 1386 1646 1445 omnia
1684 1405 1928 1444 enume-

185 1492 420 1558 rantur,
445 1483 611 1563 quod
638 1484 738 1542 hic
779 1490 871 1541 est
906 1481 1306 1560 impossibile.
1381 1481 1598 1558 Itaque
1623 1500 1763 1538 cum
1786 1490 1926 1558 post

187 1579 465 1659 exposita
511 1579 742 1657 aliquot
780 1576 1177 1656 particularia
1212 1576 1530 1654 subjungit
1550 1574 1749 1635 .·--Et
1766 1576 1927 1655 pari

186 1673 362 1733 modo
393 1672 837 1754 quantumlibet
871 1672 1351 1752 progediamur‚
1366 1670 1655 1751 prodibit
1683 1689 1927 1750 semper

186 1769 352 1827 ratio
381 1767 687 1848 subdupla
715 1767 1082 1826 :—libenter
1106 1767 1288 1826 velim
1320 1767 1496 1837 scire,
1520 1765 1684 1825 unde
1707 1766 1771 1825 id
1790 1766 1924 1837 scit,

186 1863 301 1922 nisi
330 1882 576 1922 causam
604 1862 878 1940 proferat
907 1871 1014 1920 aut
1044 1862 1197 1921 sciat
1227 1882 1415 1940 quare
1445 1861 1789 1921 necessario
1840 1861 1928 1919 ita

186 1965 296 2017 est.
387 1957 670 2017 Secunda
730 1956 1068 2036 propositio
1128 1956 1341 2015 eadem
1382 1967 1476 2016 est
1522 1977 1663 2016 cum
1708 1956 1927 2035 prima,

191 2052 279 2129 (et
324 2060 650 2132 propterea
695 2051 866 2122 falsa,
895 2060 967 2110 ut
1017 2051 1137 2110 alio
1184 2060 1460 2130 tempore
1515 2050 1927 2127 ostendetur),

185 2147 303 2206 nisi
333 2146 498 2226 quod
526 2146 700 2205 addit
730 2145 892 2205 idem
919 2147 1300 2224 contingere,
1335 2147 1450 2206 etsi
1479 2166 1771 2206 numerus
1802 2156 1927 2205 ter-

185 2242 486 2301 minorum
509 2241 590 2300 sit
618 2241 915 2300 infinitus.

271 2335 353 2395 B.
398 2335 470 2396 Id
501 2345 668 2396 certe
697 2336 919 2395 falsum
950 2345 1058 2396 est.
1150 2336 1467 2415 Siquidem
1515 2336 1676 2395 enim
1713 2355 1927 2394 nume-

179 2449 391 2489 rorum
420 2430 668 2490 termini
714 2450 969 2490 numero
1020 2430 1247 2490 infiniti
1294 2441 1519 2504 essent,
1570 2431 1758 2490 etiam
1805 2441 1927 2489 ter-

186 2525 387 2584 minus
443 2525 743 2585 maximus
803 2525 968 2584 solus
1025 2545 1137 2606 per
1187 2545 1251 2585 se
1309 2527 1584 2586 infinitus
1647 2535 1825 2597 esset,
1867 2535 1928 2583 et

188 2639 423 2679 summa
466 2620 872 2679 terminorum
924 2639 1180 2679 numero
1232 2621 1617 2680 infinitorum
1664 2620 1928 2679 semissis

188 2724 350 2774 esset
377 2714 631 2774 infinitae
661 2734 914 2774 summae
942 2715 1235 2774 infinities
1264 2715 1704 2794 multiplicatae.

273 2805 349 2867 A.
394 2806 536 2868 Non
564 2809 666 2868 ille
684 2810 917 2888 primus
948 2829 1012 2868 se
1043 2810 1246 2869 induit
1297 2811 1580 2870 absurdis
1628 2831 1765 2890 quae
1814 2810 1930 2868 cir-

192 2909 498 2960 cumstant
520 2904 1019 2982 contemplantes
1077 2905 1466 2964 infinitatem.
1586 2905 1928 2984 Propositio

194 2994 377 3054 tertia
393 2995 523 3055 haec
545 3006 665 3056 est:
705 2998 1124 3079 Triangulum
1146 2999 1236 3058 ad
1242 3000 1926 3080 parallelogrammum,

193 3107 380 3166 super
410 3090 635 3168 oequali
664 3091 798 3151 basi
828 3115 1000 3172 (eque
1031 3093 1242 3166 altum,
1268 3103 1364 3153 est
1391 3103 1458 3154 ut
1496 3104 1517 3155 l
1558 3096 1648 3154 ad
1675 3101 1730 3154 2.
1795 3096 1926 3154 Imo

193 3201 358 3254 vern,
376 3202 500 3242 non
520 3204 693 3264 erge,
715 3186 823 3245 sed
843 3197 1097 3266 propter
1118 3208 1332 3247 causas
1357 3190 1431 3247 ab
1454 3189 1708 3248 Euclide
1734 3189 1928 3248 dictas

198 3274 415 3352 (Elem.
458 3283 508 3335 l.
538 3297 709 3356 prop.
742 3281 871 3356 41).
962 3281 1132 3340 Idem
1165 3282 1492 3341 dicendum
1539 3294 1632 3342 est
1662 3283 1741 3342 ad
1786 3302 1926 3360 pro-

192 3369 557 3448 positionem
586 3382 865 3449 quartam
889 3374 964 3433 de
995 3377 1251 3435 conoide
1281 3378 1653 3455 parabolicO‚
1677 3387 1928 3455 propter

194 3482 409 3523 causas
467 3464 544 3522 ab
595 3465 727 3524 aliis
779 3467 1095 3528 exhibitas,
1213 3471 1636 3549 Propositione
1696 3471 1925 3547 quinta,

197 3557 408 3617 eadem
432 3557 722 3618 methodo
751 3561 1009 3637 probare
1039 3563 1169 3623 vult
1198 3564 1422 3624 lineam
1470 3566 1751 3643 spiralem
1799 3582 1928 3621 esse

1664 3676 1708 3715 N
1741 3679 1764 3712 2
