2462 4120
671 336 1142 382 PROBLEMATA
1173 337 1493 380 PHYSICA.
1833 330 1953 383 323

295 483 378 545 A.
422 481 603 544 Unde
634 487 841 540 autem
868 478 940 537 fit
976 486 1047 536 ut
1090 475 1380 535 animalia
1420 485 1548 536 tam
1586 479 1729 553 cito,
1773 481 1953 541 nimi-

206 597 364 652 rum,
393 580 457 637 in
486 576 682 656 spatio
720 582 984 654 quatuor
1026 571 1405 631 minutorum
1443 572 1632 646 horae,
1680 573 1746 634 in
1796 576 1952 636 reci-

207 673 416 752 piente
444 670 892 732 interficiantur
916 668 936 727 ?

292 766 373 826 B.
419 766 642 826 Nonne
675 762 962 824 animalia
1002 761 1088 821 sic
1117 760 1354 819 inclusa
1398 759 1691 839 insugunt
1722 763 1786 822 in
1816 765 1952 842 pul-

205 879 417 920 mones
448 880 650 920 aerem
676 855 1207 919 vehementissime
1237 854 1517 915 motum?
1607 855 1747 916 Quo
1779 870 1951 919 motu

203 974 452 1015 necesse
508 963 600 1015 est
652 962 721 1014 ut
789 952 1083 1012 transitus
1154 950 1489 1029 sanguiniS,
1553 950 1630 1009 ab
1698 970 1821 1010 uno
1872 953 1953 1012 ad

203 1049 465 1109 alterum
496 1049 698 1110 cordis
727 1046 1136 1108 ventriculum
1165 1045 1564 1124 interceptus,
1598 1064 1726 1105 non
1756 1046 1950 1107 multo

203 1155 344 1223 post
374 1145 645 1205 sistatur.
735 1141 1011 1203 Cessatio
1043 1149 1252 1201 autem
1290 1140 1604 1220 sanguinis
1643 1160 1808 1200 mors
1840 1151 1950 1202 est.

204 1239 468 1300 Possunt
517 1249 726 1299 tamen
771 1236 1076 1310 animalia,
1117 1245 1394 1296 cessante
1438 1234 1755 1314 sanguine,
1794 1237 1951 1296 revi-

203 1333 455 1408 viscere,
487 1335 538 1394 si
569 1353 674 1394 aer
704 1341 993 1393 externus
1032 1331 1177 1391 satis
1207 1339 1447 1390 mature
1476 1330 1949 1405 intromittatur,

203 1429 303 1489 vel
331 1430 462 1508 ipsa
490 1430 556 1489 in
587 1448 790 1489 aerem
819 1435 1251 1507 temperatum,
1282 1434 1615 1503 antequam
1643 1424 1952 1484 refrixerit

205 1523 473 1603 sanguis,
505 1522 927 1583 extrahantur.
1015 1522 1188 1581 Idem
1217 1539 1324 1580 aer
1352 1519 1416 1579 in
1446 1519 1785 1599 recipiente
1816 1540 1950 1579 car-

203 1617 394 1677 bones
424 1616 708 1677 ardentes
739 1615 1086 1695 extinguit:
1133 1614 1241 1675 sed
1276 1623 1338 1674 et
1375 1614 1483 1688 illi,
1523 1615 1574 1674 si
1620 1614 1766 1674 dum
1805 1615 1950 1674 satis

204 1712 386 1772 calidi
438 1721 582 1771 sunt
633 1711 1000 1779 eximantur,
1051 1709 1430 1769 relucebunt.
1543 1708 1951 1768 Notissimum

202 1815 315 1882 est,
361 1806 525 1885 quod
575 1805 642 1865 in
691 1805 918 1865 fodinis
967 1805 1303 1864 carbonum
1348 1812 1693 1863 terreorum
1749 1805 1950 1883 (cujus

200 1902 292 1962 rei
334 1901 824 1980 experimentum
865 1899 995 1978 ipse
1029 1898 1182 1977 vidi)
1232 1898 1564 1978 saepissime
1595 1918 1627 1958 e
1656 1899 1950 1959 lateribus

199 1995 392 2057 foveae
422 2004 642 2056 ventus
672 1994 923 2075 quidam
951 1993 1358 2074 undequaque
1389 1993 1515 2053 exit
1544 1993 1649 2073 qui
1682 1993 1949 2054 fossores

200 2091 495 2151 interficit
544 2090 869 2170 ignemque
921 2089 1247 2167 extinguit,
1290 2088 1449 2148 sicut
1497 2088 1743 2148 illorum
1793 2089 1950 2148 reci-

201 2187 410 2265 piens:
445 2184 552 2265 qui
578 2196 787 2245 tamen
806 2183 1202 2258 reviviscunt,
1224 2184 1275 2244 si
1305 2183 1451 2243 satis
1482 2183 1606 2243 cito
1636 2183 1716 2243 ad
1744 2203 1950 2243 aerem

203 2280 465 2341 liberum
497 2280 919 2340 extrahantur.

287 2375 371 2436 A.
417 2374 483 2434 Si
511 2375 777 2455 phialam
827 2394 1002 2454 aquae
1041 2374 1106 2433 in
1145 2372 1446 2452 recipiens
1491 2371 1812 2446 dimiseriS,
1844 2393 1949 2432 ex-

202 2479 349 2530 ucto
379 2490 518 2529 aere
546 2470 766 2531 bullire
786 2470 1024 2530 videbis
1053 2490 1295 2550 aquam.
1387 2466 1555 2529 Quid
1585 2467 1664 2527 ad
1702 2468 1822 2528 hoc
1852 2488 1949 2527 re-

205 2565 573 2643 spondebis?

292 2658 372 2717 B.
421 2658 619 2718 Credo
668 2659 946 2738 profecto
994 2659 1056 2719 in
1116 2666 1292 2718 tanta
1351 2657 1510 2717 aeris
1558 2657 1948 2717 motitatione

207 2751 564 2811 saltaturam
614 2773 743 2812 esse
789 2774 1051 2833 aquam:
1099 2753 1208 2813 sed
1254 2761 1324 2812 ut
1371 2752 1631 2825 calefiat,
1671 2752 1947 2811 nondum

204 2845 428 2905 audivi.
518 2847 640 2906 Sed
667 2847 1059 2926 imaginabile
1088 2868 1213 2907 non
1244 2857 1338 2907 est
1367 2847 1756 2907 saltationem
1781 2847 1948 2906 illam

206 2959 244 2999 a
281 2959 473 2999 vacuo
511 2941 682 3000 nasci
723 2962 919 3020 posse.
1008 2943 1200 3022 Spero
1246 2944 1377 3018 jam
1416 2951 1653 3002 certum
1689 2951 1752 3001 te
1799 2962 1948 3015 esse,

205 3033 442 3093 nullum
472 3053 603 3094 esse
642 3036 943 3096 machinae
983 3036 1145 3097 illius
1178 3036 1649 3116 ,phaenomenom
1684 3057 1805 3116 quo
1846 3037 1948 3096 de-

205 3128 537 3187 monstrari
565 3139 768 3207 potest
790 3130 983 3191 ullum
1013 3132 1078 3191 in
1099 3132 1383 3192 universo
1412 3131 1617 3191 locum
1647 3131 1778 3191 dari
1810 3151 1945 3190 cor-

206 3242 355 3302 pore
385 3242 554 3281 omni
586 3243 862 3283 vacuum.

292 3316 374 3375 Α.
420 3316 724 3375 Mundum
754 3318 870 3377 scis
898 3318 1140 3378 finitum
1171 3339 1323 3392 esse,
1349 3329 1412 3379 et
1434 3338 1544 3398 per
1567 3337 1944 3396 consequens

206 3430 468 3470 vacuum
520 3431 652 3470 esse
699 3422 983 3490 oportere
1023 3422 1224 3473 totum
1262 3413 1413 3473 illud
1464 3413 1728 3491 spatium
1779 3411 1943 3489 quod

208 3513 300 3564 est
342 3516 516 3564 extra
555 3505 872 3579 mundum,
905 3507 1230 3568 infinitum.
1321 3508 1488 3568 Quid
1527 3506 1784 3587 impedit
1821 3525 1940 3582 quo

208 3599 410 3659 minus
438 3618 700 3659 vacuum
750 3599 904 3659 illud
955 3621 1093 3661 cum
1137 3622 1277 3663 aere
1322 3602 1635 3662 mundano
1687 3599 1942 3678 permis-

210 3692 459 3753 ceatur?
1654 3714 1698 3754 Y
1723 3714 1746 3747 2

2032 503 2144 537 CAP.
2165 503 2239 537 111.

2022 560 2261 588 s-vd

2041 610 2098 645 De
2114 621 2243 646 vacuo.
