<?xml version="1.0" encoding="UTF-8"?>
<!DOCTYPE html PUBLIC "-//W3C//DTD XHTML 1.0 Transitional//EN"
    "http://www.w3.org/TR/xhtml1/DTD/xhtml1-transitional.dtd">
<html xmlns="http://www.w3.org/1999/xhtml" xml:lang="en" lang="en">
 <head>
  <title>
</title>
<meta http-equiv="Content-Type" content="text/html;charset=utf-8" />
  <meta name='ocr-system' content='tesseract 3.04.00' />
  <meta name='ocr-capabilities' content='ocr_page ocr_carea ocr_par ocr_line ocrx_word'/>
</head>
<body>
  <div class='ocr_page' id='page_1' title='image "./operaphilosophic04hobbuoft_0267.png"; bbox 0 0 2462 4120; ppageno 0'>
   <div class='ocr_carea' id='block_1_1' title="bbox 791 352 1991 405">
    <p class='ocr_par' dir='ltr' id='par_1_1' title="bbox 791 352 1991 405">
     <span class='ocr_line' id='line_1_1' title="bbox 791 352 1991 405; baseline 0.001 -3"><span class='ocrx_word' id='word_1_1' title='bbox 791 361 881 403; x_wconf 86' lang='lat' dir='ltr'>DE</span> <span class='ocrx_word' id='word_1_2' title='bbox 916 360 1197 403; x_wconf 82' lang='lat' dir='ltr'><strong>NATURA</strong></span> <span class='ocrx_word' id='word_1_3' title='bbox 1231 362 1459 403; x_wconf 83' lang='lat' dir='ltr'><strong>AERIS.</strong></span> <span class='ocrx_word' id='word_1_4' title='bbox 1872 352 1991 405; x_wconf 83' lang='lat'>255</span> 
     </span>
    </p>
   </div>
   <div class='ocr_carea' id='block_1_2' title="bbox 253 497 2004 3321">
    <p class='ocr_par' dir='ltr' id='par_1_2' title="bbox 253 497 1998 956">
     <span class='ocr_line' id='line_1_2' title="bbox 253 497 1995 578; baseline -0.001 -18"><span class='ocrx_word' id='word_1_5' title='bbox 253 501 414 560; x_wconf 86' lang='lat' dir='ltr'>forte</span> <span class='ocrx_word' id='word_1_6' title='bbox 472 497 898 571; x_wconf 81' lang='lat' dir='ltr'>concedamuS,</span> <span class='ocrx_word' id='word_1_7' title='bbox 959 498 1124 578; x_wconf 87' lang='lat' dir='ltr'>quod</span> <span class='ocrx_word' id='word_1_8' title='bbox 1183 499 1644 558; x_wconf 89' lang='lat' dir='ltr'>concedendum</span> <span class='ocrx_word' id='word_1_9' title='bbox 1701 521 1826 560; x_wconf 91' lang='lat' dir='ltr'>non</span> <span class='ocrx_word' id='word_1_10' title='bbox 1884 509 1995 572; x_wconf 88' lang='lat' dir='ltr'>est,</span> 
     </span>
     <span class='ocr_line' id='line_1_3' title="bbox 254 592 1996 671; baseline -0.001 -16"><span class='ocrx_word' id='word_1_11' title='bbox 254 594 486 655; x_wconf 88' lang='lat' dir='ltr'>moveri</span> <span class='ocrx_word' id='word_1_12' title='bbox 530 612 707 671; x_wconf 90' lang='lat' dir='ltr'>posse</span> <span class='ocrx_word' id='word_1_13' title='bbox 761 592 993 671; x_wconf 89' lang='lat' dir='ltr'>aliquid</span> <span class='ocrx_word' id='word_1_14' title='bbox 1038 612 1075 651; x_wconf 92' lang='lat' dir='ltr'>a</span> <span class='ocrx_word' id='word_1_15' title='bbox 1120 592 1340 670; x_wconf 90' lang='lat' dir='ltr'>seipso.</span> <span class='ocrx_word' id='word_1_16' title='bbox 1431 593 1785 671; x_wconf 84' lang='lat' dir='ltr'>Supponitis</span> <span class='ocrx_word' id='word_1_17' title='bbox 1834 595 1996 654; x_wconf 87' lang='lat' dir='ltr'>enim</span> 
     </span>
     <span class='ocr_line' id='line_1_4' title="bbox 254 686 1996 767; baseline 0 -18"><span class='ocrx_word' id='word_1_18' title='bbox 254 689 410 749; x_wconf 88' lang='lat' dir='ltr'>aeris</span> <span class='ocrx_word' id='word_1_19' title='bbox 439 686 822 767; x_wconf 84' lang='lat' dir='ltr'>particulam,</span> <span class='ocrx_word' id='word_1_20' title='bbox 850 706 986 766; x_wconf 87' lang='lat' dir='ltr'>quae</span> <span class='ocrx_word' id='word_1_21' title='bbox 1017 695 1184 745; x_wconf 91' lang='lat' dir='ltr'>certe</span> <span class='ocrx_word' id='word_1_22' title='bbox 1216 686 1362 745; x_wconf 92' lang='lat' dir='ltr'>dum</span> <span class='ocrx_word' id='word_1_23' title='bbox 1391 688 1693 765; x_wconf 87' lang='lat' dir='ltr'>premitur</span> <span class='ocrx_word' id='word_1_24' title='bbox 1722 690 1996 767; x_wconf 81' lang='lat' dir='ltr'>quiescit,</span> 
     </span>
     <span class='ocr_line' id='line_1_5' title="bbox 254 781 1998 860; baseline 0.001 -18"><span class='ocrx_word' id='word_1_25' title='bbox 254 783 334 843; x_wconf 88' lang='lat' dir='ltr'>ad</span> <span class='ocrx_word' id='word_1_26' title='bbox 391 782 484 842; x_wconf 91' lang='lat' dir='ltr'>sui</span> <span class='ocrx_word' id='word_1_27' title='bbox 533 781 985 841; x_wconf 82' lang='lat' dir='ltr'>restitutionem</span> <span class='ocrx_word' id='word_1_28' title='bbox 1034 781 1288 853; x_wconf 87' lang='lat' dir='ltr'>moveri,</span> <span class='ocrx_word' id='word_1_29' title='bbox 1336 781 1568 840; x_wconf 86' lang='lat' dir='ltr'>nullam</span> <span class='ocrx_word' id='word_1_30' title='bbox 1620 783 1998 860; x_wconf 80' lang='lat' dir='ltr'>assignantes</span> 
     </span>
     <span class='ocr_line' id='line_1_6' title="bbox 253 876 1996 956; baseline -0.001 -18"><span class='ocrx_word' id='word_1_31' title='bbox 253 879 393 939; x_wconf 88' lang='lat' dir='ltr'>talis</span> <span class='ocrx_word' id='word_1_32' title='bbox 422 886 623 938; x_wconf 89' lang='lat' dir='ltr'>motus</span> <span class='ocrx_word' id='word_1_33' title='bbox 655 897 918 950; x_wconf 85' lang='lat' dir='ltr'>causam,</span> <span class='ocrx_word' id='word_1_34' title='bbox 943 877 1169 956; x_wconf 82' lang='lat' dir='ltr'>praeter</span> <span class='ocrx_word' id='word_1_35' title='bbox 1197 876 1366 935; x_wconf 87' lang='lat' dir='ltr'>illam</span> <span class='ocrx_word' id='word_1_36' title='bbox 1396 876 1592 954; x_wconf 85' lang='lat' dir='ltr'>ipsam</span> <span class='ocrx_word' id='word_1_37' title='bbox 1615 877 1996 954; x_wconf 86' lang='lat' dir='ltr'>particulam.</span> 
     </span>
    </p>

    <p class='ocr_par' dir='ltr' id='par_1_3' title="bbox 253 971 2003 1806">
     <span class='ocr_line' id='line_1_7' title="bbox 337 971 1998 1051; baseline -0.001 -19"><span class='ocrx_word' id='word_1_38' title='bbox 337 974 419 1033; x_wconf 92' lang='lat' dir='ltr'>B.</span> <span class='ocrx_word' id='word_1_39' title='bbox 464 973 645 1032; x_wconf 91' lang='lat' dir='ltr'>Nosti</span> <span class='ocrx_word' id='word_1_40' title='bbox 675 973 1160 1051; x_wconf 84' lang='lat' dir='ltr'>experimentum</span> <span class='ocrx_word' id='word_1_41' title='bbox 1189 971 1342 1030; x_wconf 89' lang='lat' dir='ltr'>illud</span> <span class='ocrx_word' id='word_1_42' title='bbox 1372 971 1448 1030; x_wconf 91' lang='lat' dir='ltr'>de</span> <span class='ocrx_word' id='word_1_43' title='bbox 1476 991 1670 1030; x_wconf 88' lang='lat' dir='ltr'>vacuo</span> <span class='ocrx_word' id='word_1_44' title='bbox 1701 972 1998 1030; x_wconf 88' lang='lat' dir='ltr'>Torricel-</span> 
     </span>
     <span class='ocr_line' id='line_1_8' title="bbox 253 1066 1999 1147; baseline -0.001 -19"><span class='ocrx_word' id='word_1_45' title='bbox 253 1069 504 1128; x_wconf 85' lang='lat' dir='ltr'>lianum.</span> <span class='ocrx_word' id='word_1_46' title='bbox 594 1067 951 1147; x_wconf 89' lang='lat' dir='ltr'>Cylindrum</span> <span class='ocrx_word' id='word_1_47' title='bbox 981 1088 1218 1140; x_wconf 86' lang='lat' dir='ltr'>cavum,</span> <span class='ocrx_word' id='word_1_48' title='bbox 1249 1067 1532 1138; x_wconf 81' lang='lat' dir='ltr'>vitreum,</span> <span class='ocrx_word' id='word_1_49' title='bbox 1565 1066 1641 1124; x_wconf 91' lang='lat' dir='ltr'>ab</span> <span class='ocrx_word' id='word_1_50' title='bbox 1673 1085 1798 1125; x_wconf 89' lang='grc'><strong>11113</strong></span> <span class='ocrx_word' id='word_1_51' title='bbox 1824 1075 1999 1144; x_wconf 88' lang='lat' dir='ltr'>parte</span> 
     </span>
     <span class='ocr_line' id='line_1_9' title="bbox 255 1161 2000 1240; baseline -0.002 -18"><span class='ocrx_word' id='word_1_52' title='bbox 255 1172 539 1223; x_wconf 87' lang='lat' dir='ltr'>accurate</span> <span class='ocrx_word' id='word_1_53' title='bbox 569 1162 861 1236; x_wconf 87' lang='lat' dir='ltr'>clausum,</span> <span class='ocrx_word' id='word_1_54' title='bbox 893 1163 968 1222; x_wconf 87' lang='lat' dir='ltr'>ab</span> <span class='ocrx_word' id='word_1_55' title='bbox 1022 1162 1213 1222; x_wconf 87' lang='lat' dir='ltr'>altera</span> <span class='ocrx_word' id='word_1_56' title='bbox 1257 1169 1432 1240; x_wconf 90' lang='lat' dir='ltr'>parte</span> <span class='ocrx_word' id='word_1_57' title='bbox 1473 1168 1775 1239; x_wconf 78' lang='lat' dir='ltr'>apertum,</span> <span class='ocrx_word' id='word_1_58' title='bbox 1806 1161 2000 1239; x_wconf 91' lang='lat' dir='ltr'>reple-</span> 
     </span>
     <span class='ocr_line' id='line_1_10' title="bbox 255 1254 2001 1336; baseline -0.002 -18"><span class='ocrx_word' id='word_1_59' title='bbox 255 1268 389 1318; x_wconf 91' lang='lat' dir='ltr'>tum</span> <span class='ocrx_word' id='word_1_60' title='bbox 436 1265 692 1336; x_wconf 86' lang='lat' dir='ltr'>argento</span> <span class='ocrx_word' id='word_1_61' title='bbox 722 1257 860 1317; x_wconf 88' lang='lat' dir='ltr'>vivo</span> <span class='ocrx_word' id='word_1_62' title='bbox 908 1257 1221 1317; x_wconf 89' lang='lat' dir='ltr'>invertunt</span> <span class='ocrx_word' id='word_1_63' title='bbox 1262 1256 1758 1333; x_wconf 87' lang='lat' dir='ltr'>immerguntque</span> <span class='ocrx_word' id='word_1_64' title='bbox 1802 1254 1866 1313; x_wconf 91' lang='lat' dir='ltr'>in</span> <span class='ocrx_word' id='word_1_65' title='bbox 1896 1275 2001 1314; x_wconf 87' lang='lat' dir='ltr'>vas</span> 
     </span>
     <span class='ocr_line' id='line_1_11' title="bbox 257 1348 2002 1431; baseline -0.002 -19"><span class='ocrx_word' id='word_1_66' title='bbox 257 1361 558 1431; x_wconf 82' lang='lat' dir='ltr'>apertum,</span> <span class='ocrx_word' id='word_1_67' title='bbox 590 1352 652 1410; x_wconf 90' lang='lat' dir='ltr'>in</span> <span class='ocrx_word' id='word_1_68' title='bbox 693 1371 812 1430; x_wconf 90' lang='lat' dir='ltr'>quo</span> <span class='ocrx_word' id='word_1_69' title='bbox 842 1371 983 1410; x_wconf 89' lang='lat' dir='ltr'>vase</span> <span class='ocrx_word' id='word_1_70' title='bbox 1015 1351 1364 1410; x_wconf 88' lang='lat' dir='ltr'>continetur</span> <span class='ocrx_word' id='word_1_71' title='bbox 1395 1350 1580 1409; x_wconf 90' lang='lat' dir='ltr'>etiam</span> <span class='ocrx_word' id='word_1_72' title='bbox 1609 1348 1852 1426; x_wconf 83' lang='lat' dir='ltr'>argenti</span> <span class='ocrx_word' id='word_1_73' title='bbox 1881 1349 2002 1408; x_wconf 90' lang='lat' dir='ltr'>vivi</span> 
     </span>
     <span class='ocr_line' id='line_1_12' title="bbox 259 1442 2000 1525; baseline -0.001 -20"><span class='ocrx_word' id='word_1_74' title='bbox 259 1455 554 1525; x_wconf 89' lang='lat' dir='ltr'>quantum</span> <span class='ocrx_word' id='word_1_75' title='bbox 601 1465 753 1524; x_wconf 92' lang='lat' dir='ltr'>opus</span> <span class='ocrx_word' id='word_1_76' title='bbox 805 1454 899 1504; x_wconf 84' lang='lat' dir='ltr'>est</span> <span class='ocrx_word' id='word_1_77' title='bbox 956 1444 1035 1504; x_wconf 90' lang='lat' dir='ltr'>ad</span> <span class='ocrx_word' id='word_1_78' title='bbox 1086 1465 1154 1504; x_wconf 94' lang='lat' dir='ltr'>os</span> <span class='ocrx_word' id='word_1_79' title='bbox 1209 1444 1470 1524; x_wconf 89' lang='lat' dir='ltr'>cylindri</span> <span class='ocrx_word' id='word_1_80' title='bbox 1528 1442 2000 1521; x_wconf 85' lang='lat' dir='ltr'>contegendum.</span> 
     </span>
     <span class='ocr_line' id='line_1_13' title="bbox 259 1537 2003 1619; baseline -0.002 -19"><span class='ocrx_word' id='word_1_81' title='bbox 259 1541 475 1619; x_wconf 90' lang='lat' dir='ltr'>Itaque</span> <span class='ocrx_word' id='word_1_82' title='bbox 520 1548 847 1617; x_wconf 85' lang='lat' dir='ltr'>argentum</span> <span class='ocrx_word' id='word_1_83' title='bbox 897 1539 1103 1598; x_wconf 88' lang='lat' dir='ltr'>vivum</span> <span class='ocrx_word' id='word_1_84' title='bbox 1164 1538 1482 1598; x_wconf 90' lang='lat' dir='ltr'>descendit</span> <span class='ocrx_word' id='word_1_85' title='bbox 1529 1557 1561 1596; x_wconf 90' lang='lat' dir='ltr'>e</span> <span class='ocrx_word' id='word_1_86' title='bbox 1602 1537 1880 1617; x_wconf 84' lang='lat' dir='ltr'>cylindro</span> <span class='ocrx_word' id='word_1_87' title='bbox 1939 1538 2003 1596; x_wconf 90' lang='lat' dir='ltr'>in</span> 
     </span>
     <span class='ocr_line' id='line_1_14' title="bbox 258 1631 2001 1713; baseline -0.002 -19"><span class='ocrx_word' id='word_1_88' title='bbox 258 1636 600 1713; x_wconf 90' lang='lat' dir='ltr'>subjectum</span> <span class='ocrx_word' id='word_1_89' title='bbox 622 1654 746 1693; x_wconf 81' lang='lat' dir='ltr'>vaS.</span> <span class='ocrx_word' id='word_1_90' title='bbox 813 1634 1035 1693; x_wconf 92' lang='lat' dir='ltr'>Nonne</span> <span class='ocrx_word' id='word_1_91' title='bbox 1060 1654 1206 1712; x_wconf 90' lang='lat' dir='ltr'>ergo</span> <span class='ocrx_word' id='word_1_92' title='bbox 1231 1634 1512 1713; x_wconf 81' lang='lat' dir='ltr'>spatium,</span> <span class='ocrx_word' id='word_1_93' title='bbox 1535 1632 1699 1712; x_wconf 90' lang='lat' dir='ltr'>quod</span> <span class='ocrx_word' id='word_1_94' title='bbox 1727 1632 1792 1691; x_wconf 93' lang='lat' dir='ltr'>in</span> <span class='ocrx_word' id='word_1_95' title='bbox 1816 1631 2001 1711; x_wconf 87' lang='lat' dir='ltr'>cylin-</span> 
     </span>
     <span class='ocr_line' id='line_1_15' title="bbox 257 1727 2002 1806; baseline -0.002 -17"><span class='ocrx_word' id='word_1_96' title='bbox 257 1729 370 1789; x_wconf 91' lang='lat' dir='ltr'>dro</span> <span class='ocrx_word' id='word_1_97' title='bbox 401 1729 478 1788; x_wconf 89' lang='lat' dir='ltr'>ab</span> <span class='ocrx_word' id='word_1_98' title='bbox 509 1738 764 1806; x_wconf 86' lang='lat' dir='ltr'>argento</span> <span class='ocrx_word' id='word_1_99' title='bbox 789 1727 927 1787; x_wconf 87' lang='lat' dir='ltr'>vivo</span> <span class='ocrx_word' id='word_1_100' title='bbox 968 1728 1288 1801; x_wconf 85' lang='lat' dir='ltr'>deseritur,</span> <span class='ocrx_word' id='word_1_101' title='bbox 1336 1728 1678 1788; x_wconf 90' lang='lat' dir='ltr'>remanebit</span> <span class='ocrx_word' id='word_1_102' title='bbox 1699 1727 2002 1786; x_wconf 85' lang='lat' dir='ltr'>vacuum?</span> 
     </span>
    </p>

    <p class='ocr_par' dir='ltr' id='par_1_4' title="bbox 254 1822 2004 2282">
     <span class='ocr_line' id='line_1_16' title="bbox 342 1822 2003 1901; baseline -0.002 -18"><span class='ocrx_word' id='word_1_103' title='bbox 342 1825 421 1882; x_wconf 89' lang='lat' dir='ltr'>A.</span> <span class='ocrx_word' id='word_1_104' title='bbox 470 1824 614 1883; x_wconf 91' lang='lat' dir='ltr'>Non</span> <span class='ocrx_word' id='word_1_105' title='bbox 643 1831 735 1883; x_wconf 89' lang='lat' dir='ltr'>est</span> <span class='ocrx_word' id='word_1_106' title='bbox 764 1843 1032 1883; x_wconf 87' lang='lat' dir='ltr'>necesse.</span> <span class='ocrx_word' id='word_1_107' title='bbox 1123 1824 1188 1883; x_wconf 85' lang='lat' dir='ltr'>Si</span> <span class='ocrx_word' id='word_1_108' title='bbox 1218 1824 1282 1882; x_wconf 91' lang='lat' dir='ltr'>in</span> <span class='ocrx_word' id='word_1_109' title='bbox 1311 1823 1572 1884; x_wconf 90' lang='lat' dir='ltr'>fundum</span> <span class='ocrx_word' id='word_1_110' title='bbox 1596 1843 1788 1901; x_wconf 87' lang='lat' dir='ltr'>usque</span> <span class='ocrx_word' id='word_1_111' title='bbox 1818 1822 2003 1882; x_wconf 89' lang='lat' dir='ltr'>maris</span> 
     </span>
     <span class='ocr_line' id='line_1_17' title="bbox 256 1917 2004 1997; baseline -0.001 -20"><span class='ocrx_word' id='word_1_112' title='bbox 256 1918 457 1978; x_wconf 86' lang='lat' dir='ltr'>vesica</span> <span class='ocrx_word' id='word_1_113' title='bbox 514 1918 879 1978; x_wconf 90' lang='lat' dir='ltr'>detrudatur</span> <span class='ocrx_word' id='word_1_114' title='bbox 935 1918 1116 1997; x_wconf 87' lang='lat' dir='ltr'>plena</span> <span class='ocrx_word' id='word_1_115' title='bbox 1175 1917 1351 1991; x_wconf 84' lang='lat' dir='ltr'>aeris,</span> <span class='ocrx_word' id='word_1_116' title='bbox 1404 1927 1590 1996; x_wconf 87' lang='lat' dir='ltr'>atque</span> <span class='ocrx_word' id='word_1_117' title='bbox 1647 1917 1771 1977; x_wconf 92' lang='lat' dir='ltr'>illic</span> <span class='ocrx_word' id='word_1_118' title='bbox 1822 1927 2004 1995; x_wconf 88' lang='lat' dir='ltr'>rupta</span> 
     </span>
     <span class='ocr_line' id='line_1_18' title="bbox 255 2012 2004 2092; baseline -0.001 -21"><span class='ocrx_word' id='word_1_119' title='bbox 255 2012 488 2072; x_wconf 88' lang='lat' dir='ltr'>exitum</span> <span class='ocrx_word' id='word_1_120' title='bbox 533 2013 835 2092; x_wconf 84' lang='lat' dir='ltr'>praeberet</span> <span class='ocrx_word' id='word_1_121' title='bbox 878 2014 1040 2081; x_wconf 83' lang='lat' dir='ltr'>aeri3</span> <span class='ocrx_word' id='word_1_122' title='bbox 1085 2021 1345 2091; x_wconf 88' lang='lat' dir='ltr'>putasne</span> <span class='ocrx_word' id='word_1_123' title='bbox 1392 2032 1598 2072; x_wconf 86' lang='lat' dir='ltr'>aerem</span> <span class='ocrx_word' id='word_1_124' title='bbox 1639 2012 1831 2084; x_wconf 85' lang='lat' dir='ltr'>illum,</span> <span class='ocrx_word' id='word_1_125' title='bbox 1873 2012 2004 2090; x_wconf 89' lang='lat' dir='ltr'>jam</span> 
     </span>
     <span class='ocr_line' id='line_1_19' title="bbox 255 2106 2000 2187; baseline 0 -21"><span class='ocrx_word' id='word_1_126' title='bbox 255 2106 532 2180; x_wconf 85' lang='lat' dir='ltr'>liberum,</span> <span class='ocrx_word' id='word_1_127' title='bbox 563 2107 628 2166; x_wconf 89' lang='lat' dir='ltr'>in</span> <span class='ocrx_word' id='word_1_128' title='bbox 677 2107 869 2168; x_wconf 88' lang='lat' dir='ltr'>fundo</span> <span class='ocrx_word' id='word_1_129' title='bbox 921 2108 1106 2167; x_wconf 88' lang='lat' dir='ltr'>maris</span> <span class='ocrx_word' id='word_1_130' title='bbox 1150 2126 1527 2179; x_wconf 86' lang='lat' dir='ltr'>mansurum,</span> <span class='ocrx_word' id='word_1_131' title='bbox 1560 2128 1639 2167; x_wconf 89' lang='grc'>311</span> <span class='ocrx_word' id='word_1_132' title='bbox 1669 2107 1876 2187; x_wconf 91' lang='lat' dir='ltr'>potius</span> <span class='ocrx_word' id='word_1_133' title='bbox 1907 2127 2000 2166; x_wconf 88' lang='lat' dir='ltr'>as-</span> 
     </span>
     <span class='ocr_line' id='line_1_20' title="bbox 254 2201 1512 2282; baseline 0.001 -22"><span class='ocrx_word' id='word_1_134' title='bbox 254 2220 582 2261; x_wconf 88' lang='lat' dir='ltr'>censurum</span> <span class='ocrx_word' id='word_1_135' title='bbox 611 2221 741 2262; x_wconf 89' lang='lat' dir='ltr'>esse</span> <span class='ocrx_word' id='word_1_136' title='bbox 771 2202 850 2262; x_wconf 89' lang='lat' dir='ltr'>ad</span> <span class='ocrx_word' id='word_1_137' title='bbox 880 2202 1259 2282; x_wconf 89' lang='lat' dir='ltr'>superficiem</span> <span class='ocrx_word' id='word_1_138' title='bbox 1293 2201 1512 2280; x_wconf 82' lang='lat' dir='ltr'>aquae?</span> 
     </span>
    </p>

    <p class='ocr_par' dir='ltr' id='par_1_5' title="bbox 336 2294 1772 2376">
     <span class='ocr_line' id='line_1_21' title="bbox 336 2294 1772 2376; baseline 0.003 -22"><span class='ocrx_word' id='word_1_139' title='bbox 336 2294 417 2354; x_wconf 90' lang='lat' dir='ltr'>B.</span> <span class='ocrx_word' id='word_1_140' title='bbox 464 2296 774 2356; x_wconf 89' lang='lat' dir='ltr'>Ascendet</span> <span class='ocrx_word' id='word_1_141' title='bbox 796 2298 1073 2376; x_wconf 87' lang='lat' dir='ltr'>profecto</span> <span class='ocrx_word' id='word_1_142' title='bbox 1104 2297 1425 2357; x_wconf 89' lang='lat' dir='ltr'>manifeste</span> <span class='ocrx_word' id='word_1_143' title='bbox 1456 2297 1772 2358; x_wconf 75' lang='lat' dir='ltr'>ebulliens,</span> 
     </span>
    </p>

    <p class='ocr_par' dir='ltr' id='par_1_6' title="bbox 254 2386 2001 2828">
     <span class='ocr_line' id='line_1_22' title="bbox 337 2386 2001 2470; baseline 0.002 -23"><span class='ocrx_word' id='word_1_144' title='bbox 337 2386 414 2449; x_wconf 88' lang='lat' dir='ltr'>A.</span> <span class='ocrx_word' id='word_1_145' title='bbox 462 2390 668 2451; x_wconf 76' lang='lat' dir='ltr'>Quare</span> <span class='ocrx_word' id='word_1_146' title='bbox 699 2393 950 2452; x_wconf 85' lang='lat' dir='ltr'>autem?</span> <span class='ocrx_word' id='word_1_147' title='bbox 1037 2392 1184 2451; x_wconf 90' lang='lat' dir='ltr'>Noli</span> <span class='ocrx_word' id='word_1_148' title='bbox 1233 2392 1384 2451; x_wconf 92' lang='lat' dir='ltr'>mihi</span> <span class='ocrx_word' id='word_1_149' title='bbox 1434 2412 1599 2450; x_wconf 91' lang='lat' dir='ltr'>nunc</span> <span class='ocrx_word' id='word_1_150' title='bbox 1631 2391 1717 2450; x_wconf 93' lang='lat' dir='ltr'>sic</span> <span class='ocrx_word' id='word_1_151' title='bbox 1748 2411 2001 2470; x_wconf 89' lang='lat' dir='ltr'>respon-</span> 
     </span>
     <span class='ocr_line' id='line_1_23' title="bbox 256 2483 2000 2565; baseline 0.001 -22"><span class='ocrx_word' id='word_1_152' title='bbox 256 2483 419 2558; x_wconf 81' lang='lat' dir='ltr'>dere,</span> <span class='ocrx_word' id='word_1_153' title='bbox 438 2505 657 2564; x_wconf 87' lang='lat' dir='ltr'>nempe</span> <span class='ocrx_word' id='word_1_154' title='bbox 686 2486 962 2546; x_wconf 88' lang='lat' dir='ltr'>accidere</span> <span class='ocrx_word' id='word_1_155' title='bbox 990 2487 1128 2559; x_wconf 83' lang='lat' dir='ltr'>hoc,</span> <span class='ocrx_word' id='word_1_156' title='bbox 1154 2487 1297 2565; x_wconf 89' lang='lat' dir='ltr'>quia</span> <span class='ocrx_word' id='word_1_157' title='bbox 1327 2486 1528 2546; x_wconf 88' lang='lat' dir='ltr'>minus</span> <span class='ocrx_word' id='word_1_158' title='bbox 1560 2496 1654 2546; x_wconf 91' lang='lat' dir='ltr'>est</span> <span class='ocrx_word' id='word_1_159' title='bbox 1683 2507 1788 2545; x_wconf 89' lang='lat' dir='ltr'>aer</span> <span class='ocrx_word' id='word_1_160' title='bbox 1818 2507 2000 2564; x_wconf 86' lang='lat' dir='ltr'>quam</span> 
     </span>
     <span class='ocr_line' id='line_1_24' title="bbox 254 2581 2000 2662; baseline 0.001 -25"><span class='ocrx_word' id='word_1_161' title='bbox 254 2598 416 2657; x_wconf 87' lang='lat' dir='ltr'>aqua</span> <span class='ocrx_word' id='word_1_162' title='bbox 442 2581 645 2658; x_wconf 87' lang='lat' dir='ltr'>gravis</span> <span class='ocrx_word' id='word_1_163' title='bbox 673 2605 686 2640; x_wconf 76' lang='grc' dir='ltr'>ε</span> <span class='ocrx_word' id='word_1_164' title='bbox 719 2582 826 2641; x_wconf 88' lang='lat' dir='ltr'>sed</span> <span class='ocrx_word' id='word_1_165' title='bbox 849 2582 1105 2642; x_wconf 89' lang='lat' dir='ltr'>ostende</span> <span class='ocrx_word' id='word_1_166' title='bbox 1135 2603 1172 2641; x_wconf 86' lang='lat' dir='ltr'>a</span> <span class='ocrx_word' id='word_1_167' title='bbox 1201 2602 1321 2662; x_wconf 91' lang='lat' dir='ltr'>quo</span> <span class='ocrx_word' id='word_1_168' title='bbox 1353 2591 1611 2654; x_wconf 84' lang='lat' dir='ltr'>motore,</span> <span class='ocrx_word' id='word_1_169' title='bbox 1643 2600 1754 2659; x_wconf 88' lang='lat' dir='ltr'>per</span> <span class='ocrx_word' id='word_1_170' title='bbox 1777 2600 2000 2659; x_wconf 90' lang='lat' dir='ltr'>corpus</span> 
     </span>
     <span class='ocr_line' id='line_1_25' title="bbox 258 2674 1997 2755; baseline 0.002 -25"><span class='ocrx_word' id='word_1_171' title='bbox 258 2691 450 2750; x_wconf 81' lang='lat' dir='ltr'>aquae,</span> <span class='ocrx_word' id='word_1_172' title='bbox 480 2674 680 2734; x_wconf 89' lang='lat' dir='ltr'>minus</span> <span class='ocrx_word' id='word_1_173' title='bbox 709 2676 932 2735; x_wconf 91' lang='lat' dir='ltr'>mobile</span> <span class='ocrx_word' id='word_1_174' title='bbox 979 2696 1161 2755; x_wconf 90' lang='lat' dir='ltr'>quam</span> <span class='ocrx_word' id='word_1_175' title='bbox 1191 2686 1284 2735; x_wconf 90' lang='lat' dir='ltr'>est</span> <span class='ocrx_word' id='word_1_176' title='bbox 1313 2677 1445 2755; x_wconf 90' lang='lat' dir='ltr'>ipse</span> <span class='ocrx_word' id='word_1_177' title='bbox 1491 2695 1615 2750; x_wconf 84' lang='lat' dir='ltr'>aer,</span> <span class='ocrx_word' id='word_1_178' title='bbox 1646 2685 1997 2754; x_wconf 83' lang='lat' dir='ltr'>penetranS‚</span> 
     </span>
     <span class='ocr_line' id='line_1_26' title="bbox 258 2765 657 2828; baseline 0.01 -5"><span class='ocrx_word' id='word_1_179' title='bbox 258 2765 416 2826; x_wconf 90' lang='lat' dir='ltr'>istuc</span> <span class='ocrx_word' id='word_1_180' title='bbox 445 2766 657 2828; x_wconf 87' lang='lat' dir='ltr'>fertur.</span> 
     </span>
    </p>

    <p class='ocr_par' dir='ltr' id='par_1_7' title="bbox 259 2858 1999 3321">
     <span class='ocr_line' id='line_1_27' title="bbox 346 2858 1999 2942; baseline 0.002 -24"><span class='ocrx_word' id='word_1_181' title='bbox 346 2858 426 2919; x_wconf 86' lang='lat' dir='ltr'>B.</span> <span class='ocrx_word' id='word_1_182' title='bbox 471 2861 650 2937; x_wconf 91' lang='lat' dir='ltr'>Aqua</span> <span class='ocrx_word' id='word_1_183' title='bbox 700 2861 983 2922; x_wconf 89' lang='lat' dir='ltr'>deorsum</span> <span class='ocrx_word' id='word_1_184' title='bbox 1029 2873 1288 2923; x_wconf 89' lang='lat' dir='ltr'>conatur</span> <span class='ocrx_word' id='word_1_185' title='bbox 1331 2863 1524 2923; x_wconf 91' lang='lat' dir='ltr'>multo</span> <span class='ocrx_word' id='word_1_186' title='bbox 1576 2863 1769 2942; x_wconf 87' lang='lat' dir='ltr'>magis</span> <span class='ocrx_word' id='word_1_187' title='bbox 1816 2882 1999 2941; x_wconf 90' lang='lat' dir='ltr'>quam</span> 
     </span>
     <span class='ocr_line' id='line_1_28' title="bbox 259 2954 1999 3035; baseline 0.002 -23"><span class='ocrx_word' id='word_1_188' title='bbox 259 2973 383 3012; x_wconf 88' lang='lat' dir='ltr'>aer.</span> <span class='ocrx_word' id='word_1_189' title='bbox 469 2954 730 3014; x_wconf 89' lang='lat' dir='ltr'>Necesse</span> <span class='ocrx_word' id='word_1_190' title='bbox 777 2976 922 3035; x_wconf 89' lang='lat' dir='ltr'>ergo</span> <span class='ocrx_word' id='word_1_191' title='bbox 970 2968 1079 3030; x_wconf 84' lang='lat' dir='ltr'>est,</span> <span class='ocrx_word' id='word_1_192' title='bbox 1111 2968 1181 3018; x_wconf 95' lang='lat' dir='ltr'>ut</span> <span class='ocrx_word' id='word_1_193' title='bbox 1209 2959 1361 3018; x_wconf 89' lang='lat' dir='ltr'>mihi</span> <span class='ocrx_word' id='word_1_194' title='bbox 1390 2959 1607 3018; x_wconf 88' lang='lat' dir='ltr'>saltem</span> <span class='ocrx_word' id='word_1_195' title='bbox 1635 2957 1897 3029; x_wconf 82' lang='lat' dir='ltr'>videtur,</span> <span class='ocrx_word' id='word_1_196' title='bbox 1928 2967 1999 3016; x_wconf 93' lang='lat' dir='ltr'>ut</span> 
     </span>
     <span class='ocr_line' id='line_1_29' title="bbox 260 3054 1995 3130; baseline 0.003 -25"><span class='ocrx_word' id='word_1_197' title='bbox 260 3067 420 3125; x_wconf 87' lang='lat' dir='ltr'>aqua</span> <span class='ocrx_word' id='word_1_198' title='bbox 447 3068 556 3127; x_wconf 87' lang='lat' dir='ltr'>per</span> <span class='ocrx_word' id='word_1_199' title='bbox 585 3060 870 3110; x_wconf 88' lang='lat' dir='ltr'>conatum</span> <span class='ocrx_word' id='word_1_200' title='bbox 904 3071 1085 3130; x_wconf 90' lang='lat' dir='ltr'>quem</span> <span class='ocrx_word' id='word_1_201' title='bbox 1127 3054 1314 3114; x_wconf 90' lang='lat' dir='ltr'>habet</span> <span class='ocrx_word' id='word_1_202' title='bbox 1353 3054 1430 3113; x_wconf 88' lang='lat' dir='ltr'>ad</span> <span class='ocrx_word' id='word_1_203' title='bbox 1474 3062 1756 3113; x_wconf 88' lang='lat' dir='ltr'>centrum</span> <span class='ocrx_word' id='word_1_204' title='bbox 1795 3061 1995 3125; x_wconf 81' lang='lat' dir='ltr'>terrae,</span> 
     </span>
     <span class='ocr_line' id='line_1_30' title="bbox 261 3143 1998 3227; baseline 0.003 -28"><span class='ocrx_word' id='word_1_205' title='bbox 261 3143 553 3220; x_wconf 87' lang='lat' dir='ltr'>majorem</span> <span class='ocrx_word' id='word_1_206' title='bbox 605 3163 788 3221; x_wconf 89' lang='lat' dir='ltr'>quam</span> <span class='ocrx_word' id='word_1_207' title='bbox 832 3145 1018 3205; x_wconf 84' lang='lat' dir='ltr'>habet</span> <span class='ocrx_word' id='word_1_208' title='bbox 1063 3167 1186 3220; x_wconf 81' lang='lat' dir='ltr'>aer,</span> <span class='ocrx_word' id='word_1_209' title='bbox 1230 3168 1434 3207; x_wconf 90' lang='lat' dir='ltr'>aerem</span> <span class='ocrx_word' id='word_1_210' title='bbox 1483 3157 1744 3227; x_wconf 82' lang='lat' dir='ltr'>premat,</span> <span class='ocrx_word' id='word_1_211' title='bbox 1789 3156 1850 3206; x_wconf 88' lang='lat' dir='ltr'>et</span> <span class='ocrx_word' id='word_1_212' title='bbox 1894 3165 1998 3204; x_wconf 90' lang='lat' dir='ltr'>aer</span> 
     </span>
     <span class='ocr_line' id='line_1_31' title="bbox 259 3236 1996 3321; baseline 0.002 -27"><span class='ocrx_word' id='word_1_213' title='bbox 259 3255 502 3315; x_wconf 87' lang='lat' dir='ltr'>pressus</span> <span class='ocrx_word' id='word_1_214' title='bbox 549 3236 807 3297; x_wconf 87' lang='lat' dir='ltr'>fundum</span> <span class='ocrx_word' id='word_1_215' title='bbox 844 3250 1101 3318; x_wconf 85' lang='lat' dir='ltr'>premat,</span> <span class='ocrx_word' id='word_1_216' title='bbox 1134 3251 1197 3302; x_wconf 90' lang='lat' dir='ltr'>et</span> <span class='ocrx_word' id='word_1_217' title='bbox 1229 3242 1456 3302; x_wconf 89' lang='lat' dir='ltr'>fundus</span> <span class='ocrx_word' id='word_1_218' title='bbox 1501 3261 1747 3321; x_wconf 88' lang='lat' dir='ltr'>pressus</span> <span class='ocrx_word' id='word_1_219' title='bbox 1794 3259 1996 3299; x_wconf 87' lang='lat' dir='ltr'>aerem</span> 
     </span>
    </p>
   </div>
   <div class='ocr_carea' id='block_1_3' title="bbox 260 3330 1994 3505">
    <p class='ocr_par' dir='ltr' id='par_1_8' title="bbox 260 3330 1994 3505">
     <span class='ocr_line' id='line_1_32' title="bbox 260 3330 1994 3416; baseline 0.002 -28"><span class='ocrx_word' id='word_1_220' title='bbox 260 3330 650 3409; x_wconf 87' lang='lat' dir='ltr'>repercutiat,</span> <span class='ocrx_word' id='word_1_221' title='bbox 680 3340 853 3392; x_wconf 89' lang='lat' dir='ltr'>tanto</span> <span class='ocrx_word' id='word_1_222' title='bbox 899 3345 1127 3396; x_wconf 90' lang='lat' dir='ltr'>conatu</span> <span class='ocrx_word' id='word_1_223' title='bbox 1171 3347 1241 3396; x_wconf 93' lang='lat' dir='ltr'>ut</span> <span class='ocrx_word' id='word_1_224' title='bbox 1279 3357 1502 3416; x_wconf 91' lang='lat' dir='ltr'>aquam</span> <span class='ocrx_word' id='word_1_225' title='bbox 1543 3336 1858 3395; x_wconf 89' lang='lat' dir='ltr'>dimovens</span> <span class='ocrx_word' id='word_1_226' title='bbox 1888 3353 1994 3393; x_wconf 86' lang='lat' dir='ltr'>ne-</span> 
     </span>
     <span class='ocr_line' id='line_1_33' title="bbox 262 3424 844 3505; baseline 0.005 -22"><span class='ocrx_word' id='word_1_227' title='bbox 262 3424 524 3483; x_wconf 89' lang='lat' dir='ltr'>cessario</span> <span class='ocrx_word' id='word_1_228' title='bbox 554 3436 844 3505; x_wconf 85' lang='lat' dir='ltr'>emergat.</span> 
     </span>
    </p>
   </div>
   <div class='ocr_carea' id='block_1_4' title="bbox 259 3517 1992 3695">
    <p class='ocr_par' dir='ltr' id='par_1_9' title="bbox 259 3517 1992 3695">
     <span class='ocr_line' id='line_1_34' title="bbox 346 3517 1992 3604; baseline 0.002 -28"><span class='ocrx_word' id='word_1_229' title='bbox 346 3517 427 3577; x_wconf 84' lang='lat' dir='ltr'>A.</span> <span class='ocrx_word' id='word_1_230' title='bbox 475 3518 640 3579; x_wconf 76' lang='lat' dir='ltr'>Quid</span> <span class='ocrx_word' id='word_1_231' title='bbox 670 3520 721 3578; x_wconf 91' lang='lat' dir='ltr'>si</span> <span class='ocrx_word' id='word_1_232' title='bbox 750 3521 812 3580; x_wconf 89' lang='lat' dir='ltr'>in</span> <span class='ocrx_word' id='word_1_233' title='bbox 841 3541 981 3581; x_wconf 88' lang='lat' dir='ltr'>vase</span> <span class='ocrx_word' id='word_1_234' title='bbox 1011 3523 1217 3585; x_wconf 90' lang='lat' dir='ltr'>clauso</span> <span class='ocrx_word' id='word_1_235' title='bbox 1247 3546 1405 3604; x_wconf 88' lang='lat' dir='ltr'>aqua</span> <span class='ocrx_word' id='word_1_236' title='bbox 1426 3524 1679 3584; x_wconf 89' lang='lat' dir='ltr'>inferior</span> <span class='ocrx_word' id='word_1_237' title='bbox 1708 3522 1992 3593; x_wconf 87' lang='lat' dir='ltr'>existens,</span> 
     </span>
     <span class='ocr_line' id='line_1_35' title="bbox 259 3615 1992 3695; baseline 0.002 -25"><span class='ocrx_word' id='word_1_238' title='bbox 259 3629 470 3671; x_wconf 85' lang='lat' dir='ltr'>versus</span> <span class='ocrx_word' id='word_1_239' title='bbox 499 3631 720 3687; x_wconf 85' lang='lat' dir='ltr'>aerem,</span> <span class='ocrx_word' id='word_1_240' title='bbox 753 3633 933 3694; x_wconf 85' lang='lat' dir='ltr'>super</span> <span class='ocrx_word' id='word_1_241' title='bbox 971 3615 1171 3695; x_wconf 90' lang='lat' dir='ltr'>ipsum</span> <span class='ocrx_word' id='word_1_242' title='bbox 1201 3619 1584 3689; x_wconf 84' lang='lat' dir='ltr'>existentem,</span> <span class='ocrx_word' id='word_1_243' title='bbox 1616 3622 1992 3695; x_wconf 86' lang='lat' dir='ltr'>supponatur</span> 
     </span>
    </p>
   </div>
  </div>
 </body>
</html>
