2462 4120
259 560 261 563 -
280 536 526 569 DIALOGUS

393 604 424 635 Ι.

599 369 676 423 50
949 382 1393 426 ΕΧΑΜῙΝΑΤΙΟ
1428 385 1510 426 ΕΤ
1542 382 1954 424 EMENDATIO

680 520 759 579 B.
808 520 1004 581 Credo
1034 542 1196 584 sane.
1287 524 1407 584 Sed
1452 522 1756 602 quomodo
1792 522 2090 581 unitatem
2119 529 2182 582 et
2208 541 2313 580 moa

595 633 821 674 merum
850 615 1064 677 definis
1092 618 1202 677 tu?

677 707 756 767 A.
817 709 1007 769 Unum
1030 711 1293 789 quidem,
1325 729 1464 768 cum
1491 708 1839 779 Aristotele,
1868 707 1932 765 id
1972 707 2135 785 quod
2173 727 2315 766 con-

597 802 896 862 sideratur
950 813 1021 863 ut
1077 804 1397 864 indivisum
1420 827 1443 872 ;
1506 820 1827 862 numerum
1892 809 2117 872 autem,
2175 821 2315 860 cum

596 895 866 970 Euclide,
902 917 979 955 em
1021 898 1157 956 unis
1202 893 1458 956 collecta
1493 895 1710 976 plura.
1795 894 1956 953 Nam
1982 913 2102 953 vox
2137 902 2316 962 πλῆθος

595 1008 718 1049 non
748 990 1049 1068 significat
1079 990 1539 1061 multitudinem,
1572 1008 1643 1047 eo
1685 1006 1865 1046 sensu
1906 1007 2025 1066 quo
2066 986 2318 1066 opponi-

595 1091 698 1142 tur
729 1085 975 1163 φακοῖς,
1004 1093 1073 1143 ut
1114 1094 1318 1144 censet
1346 1082 1676 1153 WallisiuS‚
1705 1081 1810 1140 sed
1849 1102 1920 1140 eo
1965 1102 2084 1160 quo
2128 1101 2316 1160 oppo-

595 1177 763 1236 nitur
783 1179 888 1238 um'
899 1202 923 1247 ;
948 1179 1098 1238 adeo
1122 1189 1191 1238 ut
1211 1179 1456 1258 proprie
1477 1175 1801 1255 loquendo,
1824 1183 2000 1243 πλῆθος
2018 1175 2316 1247 Graeeum,

597 1281 660 1331 et
688 1272 972 1331 Latinum
1000 1292 1123 1331 non
1153 1272 1344 1332 multa
1382 1271 1490 1330 sed
1527 1269 1747 1350 plura,
1776 1268 1939 1327 idem
1969 1269 2109 1328 sint.
2160 1324 2162 1326 ,
2194 1268 2318 1327 De-

595 1365 737 1424 inde
793 1366 929 1445 lego
980 1367 1043 1425 in
1099 1367 1411 1444 margine3
1469 1363 1706 1424 numeri
1733 1362 1951 1442 fracti
2003 1382 2123 1422 non
2178 1369 2318 1421 sunt

594 1459 827 1519 numeri
843 1460 1111 1540 proprie
1140 1460 1308 1520 dicti.
1394 1459 1632 1517 Verene
1661 1454 1821 1515 hoc?

674 1552 754 1613 B.
801 1555 977 1613 Anne
1015 1554 1244 1614 fractus
1286 1554 1523 1632 integer
1567 1561 1680 1625 est,
1711 1561 1818 1610 aut
1844 1569 2132 1610 numerus
2160 1549 2317 1609 ullus

595 1655 685 1706 est
715 1647 817 1726 qui
846 1668 970 1706 non
1000 1648 1078 1706 sit
1106 1648 1383 1727 integer?

675 1738 751 1800 A.
799 1741 1067 1799 Minime.
1155 1742 1236 1800 Et
1274 1751 1480 1800 tamen
1530 1740 1594 1798 id
1640 1738 1806 1818 quod
1843 1756 1952 1816 per
1998 1754 2318 1796 numerum

593 1835 854 1894 fractum
882 1835 1260 1913 intelligitur,
1292 1844 1382 1895 est
1410 1855 1696 1895 numerus
1718 1833 1962 1914 proprie
1994 1830 2209 1890 dictus,

675 1926 754 1987 B.
802 1927 923 1988 Qui
951 1929 1085 1988 fieri
1113 1928 1177 1987 id
1206 1938 1407 2007 potest
1431 1929 1451 1987 Ρ

676 2019 752 2080 A.
800 2021 965 2081 Quid
1040 2021 1418 2100 significatur
1489 2041 1597 2100 per
1668 2041 1988 2080 numerum
2057 2022 2319 2084 fractum

597 2115 779 2187 hunc,
810 2115 851 2191 ξς
877 2114 896 2173 ἒ

680 2207 757 2267 Β.
806 2209 1237 2287 Significantur
1278 2218 1404 2269 tres
1442 2218 1665 2288 parteS‚
1695 2229 1952 2289 quarum
1980 2210 2185 2270 unitas
2213 2211 2321 2272 ha-

599 2302 704 2361 bet
735 2312 1014 2381 quatuor.

682 2395 761 2455 A.
809 2397 967 2455 Satis
998 2396 1242 2474 quidem
1270 2398 1544 2476 intelligo
1577 2399 1879 2476 quomodo
1908 2420 2105 2473 unum,
2137 2399 2321 2479 quod-

602 2509 840 2569 cunque
876 2491 1027 2549 illud
1070 2491 1167 2563 sit,
1198 2492 1389 2569 possit
1437 2493 1624 2552 dividi
1665 2494 1730 2552 in
1774 2506 2033 2572 quatuor
2074 2505 2320 2576 partes;

603 2585 906 2663 quomodo
957 2595 1160 2644 autern
1199 2586 1408 2646 unitas
1449 2588 1538 2646 ita
1581 2588 1769 2648 dividi
1810 2590 2024 2667 possit,
2063 2610 2189 2649 non
2219 2590 2324 2649 vin-

600 2679 829 2757 telligO.

685 2773 766 2831 B.
813 2771 962 2831 Cum
996 2772 1131 2831 dico
1159 2773 1472 2845 unitatem,
1496 2773 1770 2852 intelligo
1798 2775 1995 2853 ipsum
2028 2796 2203 2835 unum
2230 2776 2324 2835 in-

604 2875 865 2944 tegrum,
919 2866 1084 2944 quod
1137 2867 1434 2927 divisibile
1492 2877 1584 2927 est
1635 2868 1699 2927 in
1748 2878 1951 2947 partes
1999 2879 2147 2948 quot
2190 2870 2324 2949 quis

606 2960 884 3020 voluerit.
964 2948 968 2953 ⁶

689 3053 770 3112 A.
826 3052 1014 3113 Unum
1044 3073 1189 3132 ergo
1219 3054 1525 3132 integrum
1549 3055 1627 3113 sit
1656 3056 1825 3115 assis.
1913 3057 2028 3117 Die
2058 3059 2226 3133 mihi,
2246 3079 2325 3119 an

603 3155 727 3207 tres
756 3167 914 3206 asses
945 3149 1022 3207 sit
1049 3167 1336 3207 numerus
1365 3148 1605 3207 assium.

687 3242 767 3301 B.
817 3241 991 3300 Sunt.

685 3333 763 3394 A.
806 3335 886 3394 Et
914 3354 1200 3395 numerus
1229 3335 1470 3407 assium,
1499 3354 1784 3396 numerus
1814 3339 2058 3417 proprie
2088 3339 2324 3400 dictus?

687 3428 768 3488 B.
813 3429 938 3488 Est.

688 3520 764 3582 A.
807 3523 888 3582 Et
932 3541 1219 3583 numerus
1262 3523 1599 3597 unciarum,
1647 3543 1850 3585 nonne
1896 3534 1987 3588 est
2041 3546 2326 3588 numerus

605 3616 847 3696 proprie
878 3615 1073 3675 dictus
1098 3615 1117 3673 ?
