2462 4120
592 336 710 388 398
826 347 915 388 DE
950 347 1332 390 PRINCIPIIS
1367 349 1451 390 ΕΤ
1483 347 2084 391 RATIOCINATIONE

1277 584 1449 644 CAP.
1481 585 1617 644 VII.

1045 726 1133 768 DE
1168 727 1583 770 SUPERFICIE
1618 727 1864 769 PLANA.

293 842 404 874 CAP.
431 842 520 876 vn.
591 821 967 883 DEFINITIO
1001 825 1258 902 septima
1287 834 1397 898 est,
1436 825 1636 905 plana
1664 825 2019 905 superficies
2048 833 2159 898 est,
2190 845 2318 906 quoe

279 948 336 982 1)e
353 948 544 995 superficie
591 937 669 975 ex
699 937 867 995 (equo
899 916 1223 995 interjacet
1265 939 1410 977 suas
1446 919 1644 978 lineas
1664 942 1685 978 :
1729 939 1910 998 quam
1941 920 2184 978 Clavius
2214 939 2319 979 ex-

279 1002 428 1049 P¹²²¹²³·v
590 1031 822 1090 ponens
869 1013 1142 1072 oratione
1192 1014 1344 1072 nihil
1391 1013 1793 1092 significante,
1824 1013 2003 1072 simili
2041 1015 2169 1093 ejus
2199 1034 2319 1093 qua

590 1124 736 1164 usus
795 1114 888 1165 est
943 1107 1006 1165 in
1064 1107 1422 1184 explicanda
1479 1108 1830 1166 definitione
1878 1107 2055 1167 lineae
2111 1118 2318 1180 rectae,

593 1198 894 1271 “Plana,''
937 1200 1157 1277 inquit,
1212 1204 1249 1230 “
1275 1209 1367 1258 est
1424 1201 1793 1279 superficieS,
1845 1200 1910 1258 in
1959 1220 2078 1278 qua
2114 1211 2319 1278 partes

592 1312 801 1351 omnes
831 1294 894 1351 in
924 1302 1160 1352 rectum
1191 1293 1504 1353 collocatae
1527 1303 1688 1366 sunt,
1712 1294 1800 1353 ita
1820 1305 1889 1352 ut
1916 1293 2068 1352 nihil
2097 1294 2320 1355 habeat

591 1386 848 1445 incisum
896 1387 1153 1465 angulis,
1195 1387 1348 1445 nihil
1394 1387 1786 1461 anfractibus,
1826 1375 1988 1446 nihff
2027 1389 2318 1463 eminenS,

591 1480 744 1538 nihil
772 1480 1184 1539 lacunosum.’'
1260 1480 1413 1540 Quae
1432 1481 1619 1540 verba
1648 1482 1722 1539 ab
1749 1480 1915 1540 omni
1943 1489 2073 1540 arte
2103 1481 2320 1555 aliena,

592 1594 671 1633 ne
715 1574 843 1652 ipse
896 1574 1142 1652 quidem
1192 1574 1391 1653 potuit
1441 1575 1799 1653 intelligere.
1890 1574 2074 1636 Quod
2116 1584 2321 1635 autem

591 1678 796 1746 partes
824 1668 990 1746 plani
1019 1687 1229 1727 omnes
1259 1668 1321 1726 in
1351 1677 1588 1728 rectum
1624 1669 1947 1728 collocatas
1978 1688 2106 1728 esse
2137 1669 2320 1742 dicat,

592 1763 962 1840 impossibile
1014 1771 1106 1822 est
1154 1762 1272 1821 nisi
1317 1763 1567 1841 planum
1621 1772 1818 1823 totum
1869 1763 1947 1823 sit
1994 1783 2118 1822 una
2161 1763 2323 1822 linea

591 1866 794 1916 recta:
842 1857 1007 1935 quod
1053 1857 1200 1916 item
1251 1858 1633 1935 superficiem
1678 1857 1922 1936 planam
1966 1857 2151 1916 talem
2190 1877 2322 1917 esse

593 1950 761 2023 dicit,
782 1951 974 2030 qualis
999 1959 1091 2010 θεῖ
1114 1951 1464 2030 superficies
1487 1950 1772 2030 perpoliti
1790 1951 2044 2029 alicujus
2063 1970 2322 2011 marmo-

591 2045 694 2117 riS,
714 2065 925 2104 verum
946 2066 1072 2105 non
1098 2055 1210 2119 est,
1230 2045 1346 2106 nisi
1377 2065 1565 2104 conus
1596 2053 1702 2104 aut
1727 2045 1963 2123 sphaera
1985 2065 2324 2105 marmorea

591 2160 718 2198 non
769 2150 975 2219 potest
1032 2140 1322 2220 perpoliri
1379 2160 1551 2218 aeque
1602 2160 1673 2199 ac
1717 2139 2064 2218 superficies
2122 2139 2321 2219 plana.

595 2235 750 2294 Rem
773 2235 1019 2313 quidem
1042 2235 1236 2314 ipsam
1260 2244 1320 2294 et
1338 2234 1640 2310 EuclideS,
1656 2244 1719 2293 et
1742 2234 2004 2306 ClaviUS,
2026 2243 2089 2293 et
2112 2252 2322 2293 omnes

595 2329 870 2389 homines
915 2331 1058 2389 satis
1108 2339 1274 2390 recte
1320 2330 1706 2408 concipiunt:
1751 2328 1856 2387 sed
1896 2349 2032 2407 quae
2070 2329 2324 2407 superti-

596 2423 711 2483 ciei
740 2424 938 2503 planae
968 2424 1313 2484 essentialia
1341 2433 1502 2496 sunt,
1526 2423 1724 2483 verbis
1755 2422 2075 2501 explicare,
2107 2423 2323 2482 saltem

594 2518 790 2591 facile,
820 2539 945 2578 non
975 2538 1183 2578 omnes
1212 2526 1486 2597 possunt.
1575 2517 1640 2576 Si
1670 2516 2050 2595 superficiem
2078 2517 2324 2595 planam

596 2631 729 2671 esse
776 2612 1022 2686 dixeris,
1055 2632 1190 2690 quae
1234 2611 1597 2671 describitur
1631 2631 1668 2670 a
1704 2611 1866 2670 linea
1906 2611 1995 2670 ita
2039 2621 2224 2685 mota,
2254 2622 2324 2670 ut

595 2707 834 2786 singula
863 2708 991 2786 ejus
1024 2714 1254 2786 puncta
1290 2715 1489 2764 rectas
1525 2706 1716 2764 lineas
1763 2704 2130 2778 describant,
2155 2714 2323 2765 recte

596 2822 732 2861 eam
790 2801 1115 2876 definieris,
1167 2808 1229 2860 et
1278 2800 1459 2872 clare,
1513 2808 1575 2859 et
1621 2799 1898 2859 essentiae
1942 2799 2132 2879 ipsius
2177 2819 2323 2859 con-

595 2905 902 2957 sentanee.

1269 3244 1447 3306 CAP.
1481 3246 1652 3306 VIII.

1237 3390 1326 3431 DE
1388 3389 1686 3433 ANGULO.

597 3501 976 3560 DEF1N1T10
1025 3507 1282 3558 octava:
1330 3497 1601 3578 angulus
1638 3496 1894 3581 planem,
1924 3504 2020 3556 est
2065 3497 2322 3557 duarum

597 3595 900 3656 linearum
928 3593 991 3654 in
1028 3592 1227 3674 plano
1267 3613 1335 3652 se
1364 3601 1564 3653 mutuo
1596 3592 1996 3672 tangentium,
2028 3599 2089 3651 et
2116 3611 2232 3650 non
2260 3591 2324 3650 in
