2522 4152
641 360 1166 406 MATHEMATICAE
1203 359 1606 401 HomERNAE.
1943 342 1980 407 7

335 505 415 566 A.
461 506 627 564 Bene
673 511 788 562 est.
874 500 1013 560 Hoc
1065 518 1212 577 ergo
1265 497 1435 565 vult3
1499 496 1698 556 edicta
1745 515 1980 575 regum,
2038 523 2288 560 mALocus

253 599 495 680 quando
525 597 769 678 publica
795 596 971 666 fiunt,
1014 592 1312 670 inscripta
1346 610 1496 664 esse,
1540 591 1846 666 nimirum,
1891 592 1983 672 ip-

253 715 458 756 sorum
487 692 733 752 nomine
761 710 994 770 regum.
1082 689 1162 748 Et
1189 708 1402 748 verum
1433 696 1544 747 est.

335 789 416 848 B.
460 788 579 860 Ah,
610 785 810 865 neque
846 786 932 844 sic
961 782 1430 863 intelligendum
1461 792 1574 855 est,
1615 783 1722 842 sed
1762 784 1986 844 solum-

253 882 436 942 modo
468 882 543 941 de
572 880 760 941 libris.

337 977 419 1036 A.
467 976 531 1036 Si
575 996 638 1035 se
683 975 771 1034 ita
810 972 1071 1051 intelligi
1110 970 1322 1042 voluit,
1371 991 1553 1050 quam
1592 970 1770 1031 facile
1801 974 1989 1053 scrip-

254 1072 401 1132 sisse
424 1071 643 1151 potuit,
670 1089 802 1129 eum
826 1066 972 1127 libri
996 1067 1095 1146 qui
1119 1066 1180 1126 iri
1191 1065 1509 1147 publicum
1523 1066 1852 1147 prodeunt,
1877 1067 1987 1144 ᾇτ’.

261 1167 411 1244 (non
431 1164 768 1248 prodeant,
808 1173 878 1222 ut
915 1163 1017 1222 hic
1054 1162 1347 1241 scriptum
1378 1162 1520 1239 est).
1606 1162 1836 1221 Verum
1865 1183 1990 1223 non

256 1262 401 1322 satis
446 1260 724 1338 intelligo
755 1258 901 1338 quid
947 1257 1062 1317 sibi
1103 1256 1203 1315 hic
1237 1256 1367 1316 vult
1404 1277 1525 1315 vox
1566 1276 1639 1316 ea
1667 1257 1991 1331 nonnulli-5⁸,

259 1377 416 1436 quae,
448 1355 715 1416 solitarie
744 1354 946 1433 posita
986 1353 1115 1412 sine
1146 1352 1548 1423 substantiVO‚
1585 1371 1824 1431 semper
1854 1355 1993 1413 sub-

259 1452 531 1512 auditam
574 1451 757 1510 habet
799 1469 1014 1508 vocem
1053 1446 1255 1507 rebus,
1346 1447 1583 1508 Quibus
1627 1468 1773 1527 ergo
1812 1449 1993 1508 rebus

258 1546 508 1607 inscribi
538 1546 731 1605 solere
762 1544 911 1605 dicit
940 1544 1126 1603 libros
1151 1542 1171 1601 Ρ

343 1640 424 1701 B.
473 1640 727 1712 Quibus,
779 1639 897 1698 nisi
948 1636 1344 1697 nominibus?
1398 1647 1468 1697 u't
1527 1636 1692 1716 (post
1744 1637 1998 1717 quinque

262 1745 367 1797 aut
396 1755 508 1795 sea·
537 1735 773 1811 versus)
819 1753 894 1793 ex
922 1733 1017 1792 his
1045 1732 1266 1804 verbiS,
1303 1740 1511 1791 vestra
1542 1731 1724 1791 libuit
1752 1733 1997 1793 nomina

260 1829 550 1911 seligere,
599 1828 811 1908 quibus
862 1828 963 1908 qui
1012 1827 1285 1907 sequitur
1337 1835 1668 1887 tractatum
1714 1827 1998 1889 duxerim

262 1922 726 1997 inscribendum,
759 1923 1010 1983 cuilibet
1039 1922 1431 1982 manifestum
1461 1942 1589 1981 esse
1618 1932 1843 2002 potest.

344 2018 428 2079 A.
471 2019 557 2079 At
583 2019 798 2079 melius
827 2018 1062 2091 fuisset,
1087 2018 1138 2077 si
1165 2017 1578 2097 praecedentia
1607 2020 2000 2098 sequentibus

261 2114 674 2194 praetulissent
701 2114 907 2194 potius
946 2114 1165 2185 lucem,
1199 2133 1383 2192 quam
1423 2112 1790 2174 debuissent.
1880 2115 2003 2176 Sed

261 2209 650 2289 perga—Id
695 2209 841 2269 mihi
884 2208 1146 2268 maxime
1188 2207 1381 2267 visum
1411 2215 1507 2267 est
1536 2207 1902 2284 incumbere,
1935 2219 2003 2271 ut

248 2303 620 2382 justissimis
665 2303 822 2363 votis
873 2304 1024 2377 saie,
1050 2311 1338 2384 quantum
1378 2302 1442 2361 in
1472 2323 1564 2362 me
1592 2312 1705 2377 est,
1737 2305 2001 2386 satisfa-

264 2397 673 2458 ciam—Suis
724 2398 844 2472 hic,
883 2418 996 2477 pro
1045 2396 1235 2471 illius,
1281 2417 1499 2476 nempe
1546 2397 1620 2459 D.
1655 2399 1737 2458 H.
1773 2399 2000 2474 Savilii,

263 2512 388 2552 non
417 2503 582 2553 recte
612 2493 827 2553 utitur.
917 2492 1039 2552 Sed
1079 2492 1242 2552 nolle
1281 2502 1341 2551 te
1371 2494 1833 2570 grammaticam
1883 2496 2001 2555 hoc

263 2586 399 2648 loco
440 2588 775 2648 examinari
826 2588 1050 2647 oblitus
1102 2587 1485 2646 eram—Ex
1533 2609 1672 2668 que,
1732 2589 1998 2670 inquam,

264 2681 412 2756 hoee,
441 2682 506 2742 id
535 2692 647 2757 est,
679 2683 1031 2762 symbolica,
1063 2681 1425 2741 introducta
1456 2691 1552 2742 est
1593 2683 1650 2741 V
1644 2683 1797 2758 ietoe,
1830 2684 2001 2766 Oug-

267 2775 492 2852 thredi,
550 2777 895 2851 Harriotti,
949 2776 1222 2836 Cartesii
1279 2798 1413 2857 ope,
1473 2799 1652 2857 quam
1719 2779 2000 2860 ingentes

243 2871 492 2951 feeerit
525 2869 856 2953 Profectus
901 2870 1215 2931 Mathesis
1265 2870 1571 2946 universa,
1614 2894 1785 2932 nemo
1834 2874 2000 2933 hisee

266 2965 451 3025 rebus
498 2966 600 3026 vel
643 2966 863 3027 leviter
920 2965 1297 3026 exercitatus
1349 2965 1646 3047 ignorare
1683 2969 2001 3049 possit,—

270 3059 476 3120 Audin
499 3060 520 3120 Ρ

354 3152 431 3214 Β.
475 3156 694 3218 Audio.

353 3246 430 3308 A.
476 3250 570 3310 Ne
592 3252 708 3330 ipsi
738 3251 983 3331 quidem
1030 3251 1349 3330 analyticae
1378 3271 1488 3330 per
1516 3262 1851 3331 potestates
1890 3252 1996 3311 ad-

273 3342 454 3402 scribi
481 3356 752 3422 possunt,
784 3367 920 3425 quae
949 3347 1050 3406 ille
1073 3347 1175 3406 hic
1206 3347 1455 3406 ascribit
1484 3346 1769 3426 symbolis
1795 3374 1809 3416 ;
1855 3366 1996 3405 nam

275 3456 650 3517 quaecunque
671 3440 932 3501 inveniri
948 3451 1205 3520 possunt
1233 3461 1342 3520 per
1372 3442 1646 3520 symbola
1673 3442 1787 3500 ista
1816 3460 1993 3513 nova,

272 3529 531 3590 inveniri
561 3533 739 3592 etiam
757 3536 1098 3613 potuissent
1125 3555 1234 3614 per
1255 3536 1674 3614 antiquissima
1702 3533 1993 3614 symbola,

267 3624 559 3685 nimirum
586 3628 786 3688 verba.
873 3630 1127 3703 Deinde,
1159 3629 1406 3708 quinam
1438 3640 1579 3691 sunt
1607 3630 1884 3708 ingentes
1907 3629 1995 3689 illi

2152 593 2184 626 I·

2050 649 2287 678 ψ
