2462 4120
322 549 462 582 PROP.
484 551 572 584 VII.

330 606 566 636 s—-f-—ae

642 380 763 433 368
1017 394 1104 435 DE
1138 395 1642 439 MAGNITUDINE
1679 398 1984 440 CIRCULI.

729 530 956 592 Coroll.
1046 534 1207 594 Quia
1246 555 1392 614 ergo
1438 548 1609 596 recta
1638 537 1747 617 gd
1783 548 1846 595 et
1890 555 2067 596 arcus
2099 536 2200 596 BP
2229 545 2371 597 sunt

638 626 920 704 aequaleS,
945 637 1123 687 erunt
1137 628 1259 708 gd,
1285 629 1410 701 QP,
1425 630 1535 689 Ro
1556 632 1843 690 continue
1864 630 2368 710 proportionales

1202 814 1614 855 PROPOSITIO
1648 815 1804 856 V111.

723 908 810 969 Ut
855 909 1060 968 radius
1110 910 1212 968 BC
1259 909 1337 968 ad
1384 910 1693 968 semissem
1741 931 1917 970 arcus
1960 911 2088 984 BD,
2147 911 2233 971 ita
2278 921 2371 971 est

637 1002 737 1062 DS
777 1002 871 1061 vel
918 1003 1029 1061 RO
1077 1002 1155 1061 ad
1202 1003 1591 1061 semiradium
1633 1003 1738 1062 GI.
1827 1005 1979 1063 Cum
2026 1006 2189 1064 enim
2236 1007 2373 1079 RD,

636 1095 766 1168 ΑΒ,
800 1096 919 1155 ΒΜ
968 1096 1119 1171 (sive
1157 1116 1333 1154 arcus
1375 1096 1533 1173 BD),
1583 1106 1724 1155 sunt
1776 1100 2062 1157 continue
2112 1119 2368 1178 propor-

635 1190 915 1262 tionaleS‚
953 1191 1068 1249 erit
1117 1201 1187 1248 ut
1232 1190 1341 1248 ΑΒ
1386 1190 1463 1248 ad
1511 1192 1821 1250 semissem
1852 1193 1972 1251 ΒΜ
2014 1193 2103 1268 (id
2146 1204 2256 1266 est,
2288 1193 2366 1253 ad

635 1304 845 1344 arcum
877 1285 1026 1363 BP),
1058 1285 1147 1343 ita
1177 1284 1287 1343 Ro
1317 1284 1397 1343 ad
1427 1284 1508 1343 GI
1543 1284 1852 1343 semissem
1881 1285 2086 1345 lateris
2117 1286 2240 1347 BC.

1234 1469 1653 1511 PROPOSITIO
1688 1470 1786 1511 IX.

719 1567 912 1626 Recta
941 1567 1056 1625 AE
1082 1567 1330 1644 aequalis
1362 1577 1453 1626 est
1493 1568 1662 1626 arcui
1694 1567 2049 1646 quadrantis
2080 1567 2369 1647 descripti

635 1661 807 1720 radio
837 1661 923 1719 AI
953 1660 1050 1719 vel
1080 1660 1218 1721 ΑΘ.

718 1754 870 1814 Cum
904 1754 1067 1813 enim
1097 1775 1274 1814 arcus
1321 1754 1677 1833 quadrantis
1725 1754 2016 1834 descripti
2059 1755 2232 1815 radio
2264 1755 2365 1816 DS

633 1850 728 1908 vel
753 1850 863 1908 ΒΟ
889 1849 1136 1927 aequalis
1168 1849 1247 1908 sit
1275 1849 1452 1908 lateri
1475 1849 1605 1922 ΑΒ,
1626 1859 1688 1908 et
1714 1850 1819 1909 Rn
1850 1851 1930 1909 sit
1960 1850 2211 1910 dimidia
2235 1851 2366 1923 ΒΟ,

632 1964 809 2003 arcus
861 1944 1218 2022 quadrantis
1269 1944 1558 2022 descripti
1609 1945 1686 2003 ab
1729 1945 1832 2003 Rn
1859 1945 1957 2003 vel
2003 1945 2078 2003 ab
2117 1945 2219 2004 nO
2251 1946 2368 2004 erit

632 2039 880 2117 aequalis
920 2038 1245 2098 semiradio
1300 2039 1430 2098 BE.
1521 2040 1726 2100 Quare
1778 2060 1955 2098 arcus
2015 2039 2367 2117 quadrantis

633 2133 973 2212 descriptus
1019 2155 1056 2192 a
1109 2134 1398 2193 subtensa
1449 2133 1547 2192 An
1606 2134 1851 2213 aequalis
1897 2134 2015 2193 erit
2064 2134 2366 2192 subtensae

633 2227 891 2286 duarum
932 2237 1240 2287 rectarum
1270 2227 1400 2300 ΑΒ,
1438 2228 1560 2300 ΒΕ,
1589 2227 1654 2286 id
1684 2237 1794 2300 est,
1824 2238 2008 2287 rectae
2038 2228 2166 2286 AE,
2252 2227 2368 2286 Os-

631 2328 872 2380 tensum
925 2331 1130 2381 autem
1182 2330 1274 2381 est
1321 2321 1484 2400 quod
1531 2321 1656 2392 AE,
1706 2321 1830 2379 sive
1873 2321 1988 2380 Ad
2024 2330 2117 2380 est
2166 2320 2368 2380 media

631 2416 1104 2493 proportionalis
1151 2417 1311 2476 inter
1350 2436 1560 2475 arcum
1591 2416 1699 2475 BD
1731 2425 1792 2475 et
1822 2415 2011 2494 ipsius
2058 2416 2367 2475 semissem

634 2509 768 2575 BP;
815 2521 877 2569 et
907 2511 1298 2570 manifestum
1330 2520 1420 2570 est
1449 2530 1658 2570 arcum
1689 2510 2047 2589 quadrantis
2077 2509 2367 2588 descripti

632 2603 708 2662 ab
741 2604 859 2665 ΑΘ,
886 2605 982 2664 vel
1022 2604 1106 2663 AI
1159 2604 1428 2663 medium
1475 2623 1605 2663 esse
1646 2603 2166 2682 proportionalem
2204 2603 2366 2663 inter

633 2697 877 2756 eosdem
928 2718 1104 2757 arcus
1147 2698 1255 2757 BD
1288 2707 1349 2757 et
1390 2697 1508 2770 BP,
1540 2717 1680 2756 cum
1721 2696 1854 2775 ipsa
1881 2697 2003 2758 ΑΘ,
2041 2698 2122 2756 sit
2165 2696 2365 2756 media

632 2792 1109 2869 proportionalis
1139 2792 1300 2852 inter
1329 2791 1438 2851 AB
1470 2800 1532 2850 et
1560 2791 1709 2851 AG:
1753 2790 2027 2869 sequitur
2056 2810 2202 2869 ergo
2231 2811 2365 2850 rec-

634 2896 761 2944 tam
791 2886 917 2955 AE,
950 2895 1010 2945 et
1053 2906 1265 2946 arcum
1305 2884 1660 2964 quadrantis
1709 2884 2001 2964 descripti
2045 2885 2218 2945 radio
2247 2885 2368 2947 AO„

633 2979 726 3039 vel
753 2979 862 3053 ΑΙ,
895 2999 1023 3039 esse
1054 2981 1215 3048 inter
1245 3000 1308 3039 se
1338 2979 1620 3058 aequales,

1239 3166 1656 3208 PROPOSITIO
1690 3167 1758 3208 X.

714 3263 904 3321 Recta
935 3262 1043 3322 CO
1075 3264 1323 3342 aequalis
1353 3274 1447 3323 est
1477 3265 1782 3324 subtensae
1812 3283 1988 3323 arcus
2020 3263 2152 3322 ΒΚ.

714 3357 989 3416 Ducatur
1036 3359 1322 3418 subtensa
1363 3358 1494 3430 ΒΚ,
1528 3367 1589 3417 et
1618 3357 1994 3437 producatur
2027 3356 2364 3416 indefinite.

630 3451 830 3511 Erunt
882 3470 1027 3528 ergo
1082 3462 1310 3528 puncta
1357 3452 1410 3511 O
1459 3462 1521 3510 et
1550 3452 1604 3510 V
1641 3452 1705 3511 in
1757 3451 1970 3511 eadem
2016 3459 2184 3510 recta
2231 3450 2367 3509 ΒΟ.

630 3544 1030 3623 Triangulum
1075 3554 1279 3603 autem
1312 3545 1477 3605 OKV
1515 3555 1607 3604 est
1647 3545 2110 3624 aequilaterum3
2155 3554 2218 3604 et
2245 3543 2362 3602 AK

631 3640 860 3700 secabit
911 3649 1141 3699 rectam
1182 3639 1281 3697 Blc
1311 3639 1590 3699 bifariam
1635 3650 1697 3699 et
1740 3639 1819 3699 ad
1864 3639 2117 3717 angulos
2163 3646 2362 3697 rectos
