2462 4120
580 351 1102 394 MATHEMATICAE
1138 353 1542 395 HODIERNAE.
1865 338 1944 402 57

214 494 277 554 ni
331 493 528 565 fallor,
587 501 656 552 ut
711 491 1032 570 longitudo
1091 512 1269 551 arcus
1328 494 1540 552 circuli
1604 493 1946 573 comparari
1999 512 2252 546 mALocus

214 588 408 669 possit
436 607 575 646 cum
613 596 784 646 recta
825 586 1004 658 linea,
1052 586 1220 664 quod
1263 587 1497 646 faciunt
1541 589 1944 667 cyclometrae,
2012 638 2023 652 ,
2099 581 2154 613 ¹¹·
2230 637 2252 653 .

214 702 323 762 per
354 681 698 741 doctrinam
726 679 1113 759 tangentium
1146 691 1208 739 et
1240 681 1598 741 secantium.

295 774 373 837 A.
420 775 587 837 Quid
614 776 700 836 ita
724 776 745 835 ?

296 871 378 931 B.
423 871 647 930 Nonne
677 878 880 949 potest
908 878 1110 930 sector
1139 869 1351 929 circuli
1383 870 1636 949 quilibet
1658 870 1722 929 in
1744 878 1947 948 partes

217 965 517 1045 quotlibet
547 964 755 1038 dividi,
788 985 926 1044 quae
964 975 1168 1044 partes
1209 984 1419 1025 omnes
1466 973 1645 1024 erunt
1694 965 1949 1024 totidem

216 1069 481 1122 sectores
510 1060 777 1119 minores
802 1060 822 1118 ἓ

299 1155 380 1215 Α.
426 1156 654 1229 Potest.
744 1154 910 1215 Quid
939 1155 1115 1215 tum?

299 1251 383 1310 B.
428 1250 652 1309 Nonne
682 1259 884 1310 sector
914 1250 1170 1328 quilibet
1200 1249 1425 1310 desinit
1452 1249 1517 1308 in
1546 1255 1841 1327 punctum
1868 1247 1887 1304 ?

299 1344 381 1404 A.
429 1345 544 1405 Ita.

308 1439 388 1499 B.
435 1440 500 1499 Si
530 1459 676 1518 ergo
710 1439 1015 1518 quadrans
1055 1439 1286 1513 circuli,
1335 1438 1597 1517 exempli
1640 1457 1842 1510 causa,
1889 1437 1953 1496 in

222 1534 439 1594 millies
482 1534 646 1593 mille
692 1543 958 1593 sectores
999 1534 1267 1593 minores
1314 1533 1543 1607 divisus
1588 1532 1705 1602 sit;
1751 1553 1955 1591 nonne

221 1630 402 1690 iidem
435 1639 700 1689 sectores
730 1629 1050 1709 compositi
1080 1637 1223 1689 sunt
1253 1628 1560 1707 quadrans
1585 1628 1605 1687 ?

303 1725 386 1784 A.
430 1724 652 1783 Etiam.

303 1820 387 1879 B.
430 1819 513 1878 Et
554 1839 695 1878 cum
735 1838 912 1878 arcus
956 1819 1046 1878 illi
1088 1839 1299 1879 arcum
1339 1819 1724 1879 constituunt
1766 1816 1957 1896 quad-

222 1914 435 1987 rantiS,
475 1933 681 1974 nonne
724 1923 786 1974 et
832 1923 1044 1974 centra
1085 1935 1298 1975 eorum
1339 1915 1716 1975 constituent
1767 1911 1959 1992 quad-

223 2009 416 2068 rantis
447 2017 744 2068 centrum.

305 2103 388 2163 A.
434 2103 665 2172 Recte3
734 2113 798 2163 et
868 2103 1012 2182 quia
1083 2111 1363 2163 centrum
1434 2102 1791 2181 quadrantis
1847 2122 1961 2181 pro

223 2208 453 2278 puncto
481 2198 695 2258 haberi
722 2207 948 2278 potest,
991 2199 1350 2259 habebimus
1389 2207 1689 2277 punctum
1718 2197 1962 2277 punctis

223 2293 440 2352 millies
478 2292 746 2352 millibus
777 2294 1029 2372 aequale.
1131 2293 1168 2353 J
1172 2313 1272 2352 am
1323 2293 1429 2371 qui
1475 2293 1864 2372 tangentium
1902 2301 1965 2351 et

225 2387 559 2447 secantium
599 2388 1052 2467 magnitudines
1088 2388 1416 2459 calculant,
1458 2408 1570 2467 pro
1601 2396 1834 2467 puncto
1865 2407 1964 2446 su-

225 2492 403 2542 munt
432 2483 622 2542 totius
659 2502 836 2542 arcus
877 2482 1189 2543 dividendi
1233 2494 1553 2552 centrum3
1600 2493 1662 2542 et
1704 2482 1965 2561 proinde

225 2577 577 2637 latitudines
618 2577 918 2637 linearum
966 2581 1229 2658 majores
1262 2580 1452 2658 justO,
1493 2598 1732 2657 nempe,
1778 2598 1966 2637 unam

227 2671 450 2731 lineam
507 2672 628 2732 alia
685 2673 966 2732 latiorem
1021 2673 1279 2743 faciunt,
1339 2682 1403 2733 et
1451 2694 1564 2752 pro
1621 2673 1965 2732 exilissimis

227 2768 565 2837 sectoribus
594 2767 922 2827 exilissima
951 2777 1311 2848 computant
1340 2768 1716 2847 rectangula.

310 2859 389 2921 B.
435 2862 720 2921 Secunda
776 2862 1052 2923 definitio
1112 2873 1224 2934 est,
1276 2862 1440 2922 linea
1491 2870 1588 2922 est
1646 2860 1967 2941 longitudo

231 2976 361 3034 quoe
387 2955 619 3016 nullam
646 2955 830 3016 habet
859 2956 1265 3017 latitudinem.
1354 2957 1694 3017 Videturne
1723 2954 1924 3015 bona?

312 3050 393 3110 A.
437 3051 710 3110 Minime.
817 3052 980 3112 Nam
1030 3053 1181 3132 quid
1232 3073 1385 3132 opus
1439 3060 1532 3112 est
1579 3049 1969 3110 latitudinem

149 3223 158 3230 ο
230 3165 458 3223 negare
517 3146 592 3205 de
647 3146 1050 3226 longitudine,
1121 3149 1296 3227 quasi
1367 3145 1692 3226 longitudo
1765 3144 1971 3221 aliqua

229 3247 436 3318 posset
464 3250 554 3299 est
581 3240 745 3299 lata?
835 3242 1130 3302 Quamvis
1171 3243 1335 3302 enim
1378 3242 1551 3300 filum
1594 3259 1785 3299 unum
1829 3237 1968 3305 alic,

231 3333 329 3392 vel
358 3333 574 3392 semita
593 3353 718 3394 una
745 3336 864 3396 alia
891 3337 1073 3397 latior
1102 3356 1233 3396 esse
1254 3345 1480 3415 potest,
1504 3345 1711 3394 tamen
1733 3332 1967 3392 miliare

232 3445 422 3486 unum
452 3427 634 3487 latius
671 3449 802 3489 esse
841 3451 966 3491 non
1009 3440 1216 3510 potest
1262 3450 1447 3510 quam
1495 3428 1663 3488 aliud
1713 3426 1965 3486 miliare.

234 3523 345 3581 Est
375 3532 578 3581 autem
607 3542 733 3582 11011
761 3525 932 3585 filum
959 3546 1074 3585 nec
1105 3525 1324 3585 semita
1346 3525 1461 3584 viae
1490 3520 1827 3601 longitudo,
1859 3514 1966 3575 sed

234 3617 516 3677 miliare·
595 3617 877 3680 Euclides
925 3641 1073 3699 ergo
1130 3621 1195 3680 in
1248 3618 1594 3679 definienda
1638 3616 1801 3675 linea
1849 3612 1966 3671 hoc
