2462 4120
757 391 844 432 DE
879 392 1161 436 NATURA
1193 394 1418 437 Anius,
1835 389 1952 453 287

230 526 480 607 aliaeque
537 548 634 587 res
691 549 816 590 non
867 551 1099 609 paucae,
1152 533 1575 612 lapidescunt?
1663 540 1954 621 Denique,

229 622 356 681 vita
383 622 529 701 quid
558 631 668 696 est,
701 634 761 684 et
790 626 1095 704 quomodo
1127 628 1457 705 generata?

315 716 395 776 B.
442 717 534 776 De
580 717 673 776 his
722 720 902 779 rebus
943 721 1215 780 nondum
1259 732 1623 782 statuerunt.
1714 726 1843 785 Nec
1872 728 1959 787 ita

231 810 334 870 diu
360 821 452 871 est
475 812 638 892 quod
665 813 740 872 de
762 824 982 875 natura
1005 836 1275 895 quaerere
1295 817 1646 895 incepimus,
1668 830 1734 878 ut
1759 830 1958 880 tantos

228 925 547 985 processus
601 918 924 987 expectare
978 910 1220 971 debeas.
1308 912 1608 971 Parumne
1661 924 1751 972 est
1801 916 1961 993 quod

230 999 572 1060 doctrinam
605 1001 679 1061 de
709 1024 924 1078 vacuo²
957 1014 1018 1064 et
1048 1005 1124 1065 de
1152 1013 1373 1065 natura
1404 1014 1465 1064 et
1493 1006 1759 1084 pondere
1789 1010 1959 1081 aeris,

228 1094 356 1154 fere
396 1097 524 1174 jam
567 1098 983 1175 patefecimu5‚
1038 1110 1100 1160 et
1145 1100 1334 1174 brevi,
1389 1120 1585 1179 spem,
1633 1102 1961 1179 perfectam

231 1189 435 1249 daturi
493 1210 717 1264 sumus,
787 1194 1093 1269 nimirum,
1160 1204 1484 1275 postquam
1551 1196 1964 1274 experimenta

229 1292 440 1344 nostra
468 1284 529 1344 in
561 1285 856 1348 altissimo
897 1289 1001 1349 illo
1046 1299 1255 1350 monte
1295 1289 1617 1350 fecerimus
1648 1291 1749 1370 qui
1779 1302 1871 1350 est
1900 1292 1963 1350 in

230 1378 429 1438 insula
456 1379 760 1441 Teneriffa
785 1382 805 1441 Ρ

317 1473 398 1533 Α.
444 1473 610 1533 Bene
640 1485 751 1535 est.
817 1477 1225 1556 Expectemus
1254 1487 1496 1557 partum
1525 1479 1768 1539 montis,
1835 1481 1963 1559 Ego

231 1567 468 1628 interea
519 1569 771 1649 physica
820 1581 1140 1633 contentus
1190 1574 1537 1646 Hobbiana‚
1578 1583 1857 1634 naturam
1903 1586 1965 1635 et

231 1663 588 1724 varietatem
638 1675 838 1726 motus
892 1669 1369 1748 contemplabor.
1455 1670 1656 1729 Etiam
1703 1670 1965 1748 politicae

233 1757 507 1835 ejusdem
537 1767 599 1818 et
628 1760 847 1820 ethicae
876 1762 1101 1840 regulis
1130 1762 1207 1822 ad
1238 1763 1560 1823 vivendum
1591 1774 1748 1823 utar.

315 1852 396 1911 B.
446 1853 637 1913 Recte
682 1855 927 1934 quidem
985 1857 1059 1916 de
1105 1857 1371 1936 politica.
1480 1860 1590 1918 Est
1636 1859 1798 1917 enim
1843 1858 1965 1931 illa,

232 1955 302 2007 ut
356 1947 609 2027 physica
658 1959 887 2024 nostra,
937 1952 1462 2030 experimentalis:
1515 1973 1657 2012 nam
1704 1953 1968 2012 vicennii

231 2042 507 2121 proxime
538 2044 865 2122 superioris
896 2045 1268 2124 experientia
1310 2047 1562 2106 nimium
1609 2048 1969 2106 confirmata

234 2144 346 2195 est.
436 2136 603 2198 Quid
632 2147 857 2213 autem,
889 2139 1326 2220 quadraturam
1370 2141 1600 2214 circuli,
1648 2162 1829 2221 quam
1867 2142 1968 2200 ille

233 2239 377 2290 ante
408 2240 635 2291 annum
666 2233 878 2308 edidit,
908 2255 1031 2294 una
1062 2255 1201 2294 cum
1233 2235 1525 2296 divisione
1557 2237 1781 2316 anguli,
1807 2247 1868 2296 et
1898 2237 1969 2296 iis

235 2345 368 2405 quae
398 2325 678 2405 adjunxit
708 2327 782 2387 de
813 2329 1107 2407 cycloide‚
1140 2330 1215 2390 de
1263 2341 1475 2390 centro
1519 2332 1838 2409 gravitatis
1880 2352 1970 2391 se-

233 2420 552 2494 micirculi,
585 2432 700 2482 etc.
726 2446 739 2481 ε
787 2423 1050 2483 etiamne
1079 2424 1183 2483 illa
1213 2426 1556 2504 approbas?

320 2515 402 2576 A.
450 2515 616 2577 Quid
637 2516 743 2575 ni?
804 2517 959 2577 Cum
989 2539 1236 2579 causam
1261 2520 1663 2580 dissentiendi
1694 2520 1970 2579 omnibus

237 2629 367 2670 esse
390 2610 631 2671 videam
650 2632 841 2671 unum
872 2613 1253 2693 eundemque
1284 2634 1587 2674 errorem:
1636 2615 1799 2693 quod
1822 2615 1971 2673 line-

237 2724 408 2764 arum
457 2715 765 2766 rectarum
816 2727 1140 2767 numerum
1179 2709 1584 2788 multiplicare
1624 2729 1733 2788 per
1762 2728 1971 2767 nume-

237 2818 374 2858 rum
403 2807 728 2871 rectarum,
758 2800 1011 2879 perinde
1053 2801 1281 2861 habent
1320 2823 1391 2862 ac
1426 2802 1833 2881 multiplicare
1862 2821 1972 2880 per

237 2913 558 2955 numerum
597 2896 991 2976 simpliciter:
1037 2908 1107 2958 ut
1148 2898 1532 2958 manifestius
1564 2898 1878 2977 apparebit
1908 2897 1970 2955 in

239 2990 646 3069 sequentibus.
763 2992 1143 3052 Transmissa
1200 3002 1293 3052 est
1361 2993 1481 3052 huc
1537 2993 1884 3071 nuperrime
1937 3010 1970 3050 e

241 3081 454 3158 Gallia,
485 3087 740 3146 authore
773 3106 1096 3166 anonym0‚
1131 3087 1357 3147 Gallice
1387 3088 1614 3167 scripta
1645 3086 1969 3165 duplicatio

240 3179 382 3238 cubi
409 3181 800 3259 geometrica,
833 3191 902 3241 ut
940 3182 1090 3241 mihi
1129 3182 1468 3256 videbatur,
1522 3182 1620 3241 cui
1667 3180 1971 3258 exemplar

241 3293 279 3332 a
305 3273 639 3354 bibliopola
667 3277 963 3336 traditum
1002 3286 1113 3348 est,
1153 3278 1299 3337 satis
1338 3279 1492 3337 bene
1538 3277 1966 3336 demonstrata.

243 3366 437 3428 Fuere
476 3379 683 3429 autem
723 3371 940 3449 quibus
982 3371 1158 3432 aliter
1186 3372 1382 3432 visum
1424 3380 1534 3432 est.
1620 3370 1759 3429 Vidi
1809 3367 1967 3427 enim

244 3459 392 3522 duas
423 3465 552 3543 ejus
582 3464 1001 3525 refutationes.

325 3555 408 3616 B.
452 3557 946 3637 Duplicationem
976 3560 1117 3621 cubi
1141 3560 1692 3622 demonstratamne
1721 3573 1848 3615 esse
1879 3551 1965 3611 di-

244 3649 377 3710 cis?
462 3652 718 3713 Videam
757 3673 980 3732 quaeso,
