2462 4120
473 365 595 419 488
1217 379 1617 421 DEDICATIO.

472 535 653 586 tunas
701 527 943 600 civium,
991 528 1428 607 principalem:
1475 538 1725 588 caeteras
1771 529 1921 588 nihil
1970 547 2099 587 esse
2144 537 2366 606 praeter

471 639 701 698 ludum.
761 641 1053 700 Ludimus
1082 641 1243 701 enim
1273 642 1456 701 otiosi
1483 643 1546 700 in
1577 642 1921 700 nominibus
1951 639 2365 712 Grammatici,

471 751 537 810 in
568 752 932 830 syllogismis
961 753 1190 832 Logici,
1222 755 1286 812 in
1318 754 1480 813 sonis
1510 753 1752 824 Musici,
1777 753 1841 811 in
1870 752 2138 812 numeris
2160 751 2369 810 Arith-

473 862 699 935 metici,
725 863 788 921 in
813 871 982 923 motu
1004 864 1263 943 Physici,
1287 864 1350 922 in
1380 863 1591 940 figuris
1616 862 1975 934 Geometrae,
2000 862 2145 920 dum
2175 862 2369 920 otium

472 982 750 1031 nostrum
795 975 1045 1052 negotia
1078 983 1328 1033 tuentur
1363 972 1730 1050 Principum.
1817 971 1950 1030 Nec
1979 981 2183 1032 tamen
2217 970 2370 1029 nihil

474 1103 656 1162 agere
686 1084 961 1144 videmur
995 1086 1297 1144 nobismet
1337 1083 1502 1162 ipsis,
1590 1083 1824 1142 Praedia
1864 1092 2004 1142 sunt
2042 1082 2369 1161 geometris

472 1195 871 1273 problemata,
901 1196 1332 1275 possidentque
1364 1215 1436 1253 ea
1463 1194 1739 1273 plerique
1771 1195 1942 1273 quasi
1977 1195 2114 1273 jure
2142 1193 2371 1253 feudali

474 1308 551 1366 ab
609 1308 875 1386 antiquis
932 1307 1285 1386 geometriae
1343 1305 1603 1365 dominis
1659 1307 1932 1380 Euclide,
1984 1305 2370 1377 Archimede,

475 1421 746 1499 aliisque,
776 1441 886 1499 per
916 1419 1352 1480 servitudinem
1383 1429 1446 1478 et
1486 1419 1905 1498 pertinaciam.
1991 1419 2216 1479 Schola
2253 1419 2372 1478 illis

476 1530 836 1589 Praetorium
895 1539 1005 1602 est,
1063 1530 1169 1589 ubi
1217 1549 1431 1588 verum
1489 1529 1873 1589 constituunt
1930 1550 2039 1589 suo
2099 1529 2372 1589 arbitrio,

472 1642 622 1702 Jure
682 1641 1100 1720 occupationis
1156 1641 1474 1700 inventum
1531 1661 1758 1700 novum
1816 1662 1941 1701 non
1999 1641 2372 1720 acquiritur:

474 1754 782 1825 nimirum,
815 1752 979 1831 quod
1024 1752 1275 1831 quisque
1321 1752 1553 1831 ingenii
1594 1754 1687 1812 sui
1715 1753 2032 1832 proprium
2061 1772 2211 1832 opus
2241 1772 2373 1812 esse

467 1867 786 1944 judicavit,
813 1867 863 1925 si
892 1886 1108 1945 parum
1138 1865 1451 1924 festinanti
1480 1865 1789 1944 praeripiat
1819 1865 1989 1940 alter,
2015 1865 2238 1944 injuria
2261 1875 2373 1925 est.

475 1979 702 2056 Legem
747 1979 907 2038 hanc
954 1978 1277 2057 supercilio
1327 1977 1604 2036 damnari
1661 1978 1933 2056 iniquam
1980 1997 2103 2037 non
2153 1978 2370 2056 patior.

475 2090 678 2163 Ratio,
706 2091 754 2150 si
777 2091 1085 2163 afferatur,
1112 2090 1335 2149 vincat.
1399 2089 1521 2148 Sed
1542 2089 1757 2148 lectori
1779 2109 1974 2168 neque
1997 2089 2376 2148 intellectum

474 2221 672 2279 neque
711 2201 1072 2280 patientiam
1115 2211 1402 2278 praestare
1443 2199 1658 2259 debeo,
1745 2200 1958 2278 Itaque
1992 2219 2258 2278 provoco
2298 2198 2378 2259 ad

476 2319 735 2383 exteros,
794 2320 978 2388 atque
1037 2309 1221 2368 etiam
1280 2309 1359 2368 ad
1414 2318 1714 2387 posterOS,
1775 2310 1886 2368 sub
1938 2320 2064 2382 tuo,
2119 2308 2374 2369 MAGNE

476 2422 845 2493 PRINcEPs,
885 2421 1154 2492 nomine,
1198 2420 1298 2478 cui
1344 2441 1476 2499 quae
1524 2421 1695 2499 cupis
1743 2420 1947 2480 omnia
1999 2421 2165 2480 Deus
2217 2440 2378 2480 com-

475 2533 716 2612 probet,
751 2541 813 2593 et
842 2552 974 2614 quae
1005 2531 1134 2609 agis
1164 2530 1477 2590 secundet.

1080 2726 1491 2786 Serenissimae
1522 2726 1899 2786 celsitudinis
1929 2735 2049 2786 tuae

1500 2942 1812 2982 servorum
1842 2921 2215 2981 humillimus

1654 3118 1949 3178 THOMAs
1985 3116 2296 3176 HOBBES.

1261 3437 1586 3458 ΙΙ
