2462 4120
457 380 577 434 286
983 395 1071 436 DE
1105 395 1388 439 NATURA
1421 395 1646 437 Anius.

458 552 867 610 supponamus
898 553 1035 593 cum
1064 535 1203 606 illis,
1236 534 1482 592 duritiei
1512 554 1753 593 causam
1784 554 1912 593 esse
1944 534 2176 612 magni-

456 626 732 685 tudinem
777 638 883 686 aut
923 628 1259 687 crassitiem
1301 628 1605 704 partium:
1653 647 1833 706 quam
1878 628 2178 687 rationem

457 719 713 779 reddere
757 721 1090 800 poterimus
1130 741 1237 780 cur
1276 720 1483 779 durior
1510 721 1606 779 vel
1643 722 1874 780 firmior
1915 722 1992 781 sit
2022 741 2179 799 aqua

459 814 796 892 congelata,
851 836 1031 895 quam
1090 826 1180 874 est
1238 813 1450 873 eadem
1507 834 1662 892 aqua
1708 825 1848 874 ante
1899 815 2178 894 congela-

457 908 732 968 tionem?

540 1002 623 1062 B.
667 1002 946 1062 Viderint
975 1002 1081 1061 illi.
1166 1001 1298 1078 Ego
1338 1000 1499 1059 enim
1544 1001 1755 1061 alienae
1783 1002 2180 1081 philosophiae

460 1106 742 1157 narrator
772 1098 903 1169 tibi,
934 1116 1058 1155 non
1088 1094 1369 1153 defensor
1398 1114 1550 1154 sum.

540 1188 617 1250 A.
662 1192 963 1251 Praeterea
1003 1209 1138 1267 quae
1171 1188 1328 1247 ratio
1360 1188 1826 1267 diaphaneitatis
1871 1188 2045 1247 reddi
2073 1209 2182 1266 po-

459 1293 581 1345 test
611 1304 933 1363 corporum
964 1302 1191 1355 eorum,
1222 1301 1333 1360 per
1363 1302 1498 1360 quae
1528 1292 1916 1360 transparent
1945 1283 2184 1360 objecta

461 1379 663 1439 omnia
679 1378 938 1438 visibilia
965 1396 1087 1436 non
1117 1376 1315 1436 minus
1339 1376 1624 1436 distincta
1647 1397 1827 1455 quam
1844 1397 1954 1456 per
1983 1397 2184 1436 aerem

458 1472 887 1552 purissimum?
974 1470 1134 1529 Nam
1179 1471 1229 1528 si
1271 1470 1498 1530 vitrum
1544 1480 1651 1530 aut
1697 1471 1997 1530 cristallus
2041 1491 2184 1530 con-

461 1567 697 1628 sisteret
727 1586 799 1625 ex
830 1565 995 1624 duris
1026 1565 1397 1643 corpusculis
1426 1565 1705 1638 hamatis,
1729 1565 2048 1644 perplexis,
2079 1575 2185 1624 aut

461 1660 1003 1742 quomodocunque
1048 1658 1211 1737 poris
1255 1658 1593 1738 disjunctis,
1623 1659 1991 1739 impossibile
2029 1668 2187 1719 esset

460 1765 530 1815 ut
559 1755 713 1814 radii
741 1754 892 1812 lucis
922 1753 1254 1813 transirent
1288 1774 1396 1833 per
1428 1754 1794 1833 diaphanum
1825 1754 2201 1832 sphaericum.

462 1850 590 1910 sine
619 1848 798 1907 variis
827 1847 1276 1921 reflexionibus,
1307 1849 1525 1928 quibus
1573 1848 1722 1909 ordo
1763 1849 2030 1927 partium
2057 1857 2187 1907 tur-

461 1944 727 2017 baretur,
758 1951 819 2002 et
864 1942 1116 2002 confusa
1155 1943 1330 2002 fieret
1367 1944 1560 2003 visio:
1606 1943 1769 2023 quod
1815 1943 2189 2023 experientia

463 2038 815 2119 quotidiana
844 2037 1112 2097 ostendit
1142 2057 1271 2097 esse
1299 2037 1536 2098 falsum.

546 2133 626 2192 B.
672 2132 1242 2211 Experimentorum
1265 2152 1400 2211 quae
1426 2132 1678 2192 fecimus
1708 2141 1815 2191 aut
1842 2131 2180 2210 recepimus

464 2228 787 2287 observatu
836 2226 1039 2305 digna,
1077 2246 1149 2286 ea
1189 2236 1332 2286 sunt
1376 2226 1695 2307 (quantum
1736 2226 2010 2304 memini)
2054 2245 2188 2305 quae

458 2324 584 2401 jam
614 2320 814 2380 retuli.

546 2413 621 2474 A.
669 2416 761 2474 De
793 2414 1060 2494 quaesitis
1091 2423 1295 2474 autem
1325 2414 1487 2475 circa
1515 2425 1797 2476 naturam
1819 2433 2021 2473 rerum
2050 2413 2207 2472 alia-.

464 2530 620 2583 rum,
667 2509 812 2588 quid
856 2510 1178 2569 statuunt?
1265 2511 1346 2570 Et
1386 2511 1604 2589 primo,
1648 2528 1897 2588 magnes
1937 2527 2054 2587 quo
2097 2507 2207 2566 in-v

467 2613 823 2675 strumentO,
864 2624 982 2683 quo
1029 2612 1219 2677 motu,
1259 2605 1514 2664 attrahit
1543 2604 1638 2664 vel
1681 2603 1873 2681 abigit
1915 2601 2190 2661 ferrum?

470 2697 636 2759 Quid
679 2698 849 2756 illum
899 2697 977 2756 ad
1021 2698 1421 2758 meridianum
1450 2698 1735 2778 applicat,
1764 2698 1829 2756 in
1857 2695 2207 2756 meridiano

466 2791 764 2852 inclinat?
854 2792 1005 2852 Quis
1049 2802 1269 2867 motor,
1306 2813 1425 2872 quo
1465 2801 1654 2867 motu,
1702 2811 1921 2871 aquam
1964 2811 1998 2851 e
2041 2790 2195 2850 mari

469 2894 531 2946 et
558 2887 907 2946 fluminibus
937 2887 1001 2946 in
1029 2889 1220 2948 nubes
1249 2887 1556 2964 transfert,
1589 2896 1696 2948 aut
1725 2907 1758 2946 e
1786 2885 2090 2946 radicibus
2129 2885 2209 2945 in.

470 2980 754 3040 arborum
784 2981 1204 3041 summitates?
1293 2981 1415 3041 Ubi
1459 2990 1600 3041 sunt
1645 2981 1961 3060 pulmones
1983 2987 2196 3040 vento-

469 3073 646 3134 rum?
735 3074 886 3135 Quis
930 3084 1152 3150 motor,
1183 3095 1301 3156 quo
1349 3085 1539 3151 motu,
1577 3077 1789 3136 oceani
1826 3083 2008 3136 aestus
2047 3073 2208 3134 facit

472 3177 536 3228 et
592 3177 847 3228 aestuum
897 3169 1264 3230 varietates?
1354 3170 1507 3237 Quae
1565 3190 1889 3250 corporum
1937 3168 2196 3228 varietas

471 3263 829 3324 varietatem
873 3264 1055 3325 efficit
1094 3264 1351 3325 odorum
1392 3275 1454 3325 et
1492 3265 1819 3346 saporum?
1906 3263 2197 3343 Liquores

472 3357 577 3438 qui
604 3357 666 3417 in
699 3356 872 3416 oculo
919 3357 1080 3417 idem
1126 3359 1413 3434 efficiunt,
1458 3380 1565 3420 cur
1594 3360 1658 3420 in
1688 3358 1924 3419 caeteris
1954 3357 2196 3436 organis

474 3450 881 3511 diversissima
901 3453 1267 3529 operantur?
1313 3453 1544 3513 Lumen
1574 3453 1719 3534 quid
1743 3463 1833 3512 est
1857 3452 1877 3511 Ρ
1921 3452 1977 3512 Α
1994 3472 2111 3532 quo
2135 3459 2197 3511 et

473 3565 594 3623 quo
625 3555 789 3605 motu
816 3556 1163 3626 generatur,
1193 3546 1516 3626 frangitur,
1547 3557 1607 3607 et
1629 3546 1938 3607 flectitur?
2011 3546 2195 3605 Phar-

473 3659 647 3701 maca
685 3661 803 3720 quo
849 3649 1020 3701 motu
1069 3642 1445 3720 operantur?
1535 3644 1673 3705 Qua
1702 3643 1983 3721 Gorgone
2010 3641 2194 3719 ligna,
