2462 4120
442 376 561 428 262
981 391 1069 432 DE
1104 392 1383 435 NATURA
1415 393 1639 436 AERIS·

442 523 730 597 distenta,
750 544 974 604 negare
998 528 1159 600 nolo,
1179 539 1430 608 propter
1453 533 1746 610 majorem
1766 530 2170 610 quantitatem

443 626 788 677 atomorum
811 620 1073 695 follibus,
1096 623 1192 682 vel
1222 626 1718 703 corpusculorum
1742 626 2171 703 fuligineorum

442 713 519 770 ab
578 713 791 786 halitu,
850 715 1219 776 inflatorum.
1315 718 1411 777 Ab
1473 720 1887 797 experimento
1946 727 2170 790 autem,

443 807 609 884 quod
651 809 722 867 fit
765 829 801 868 a
829 811 1028 869 vesica
1064 811 1292 884 inflata,
1339 813 1490 871 nihil
1541 814 1836 892 colligunt
1880 813 2044 892 quod
2093 813 2173 871 sit

444 901 588 960 satis
619 911 873 962 certum.
929 905 1217 983 Oportuit
1245 906 1519 965 lancibus
1549 906 1861 984 imponere
1886 907 2006 965 duo
2028 926 2174 966 vasa

442 995 713 1072 pondere
753 998 1027 1075 aequalia,
1077 1019 1335 1076 quorum
1374 1000 1635 1058 alterum
1681 1010 1842 1059 esset
1888 1010 2172 1059 accurate

443 1088 735 1163 clausum,
766 1091 1025 1150 alterum
1056 1100 1354 1169 apertum.
1429 1093 1529 1150 Sic
1560 1093 1722 1151 enim
1752 1112 1875 1151 non
1905 1092 2170 1164 inflatuS‚

442 1183 549 1242 sed
577 1184 846 1244 inclusus
875 1194 1136 1257 tantum,
1164 1205 1268 1243 aer
1290 1185 1659 1263 ponderatus
1685 1195 1862 1244 esset.
1911 1185 2173 1246 Quando

442 1277 629 1356 igitur
659 1299 858 1338 aerem
901 1280 986 1338 sic
1026 1279 1429 1356 ponderatum
1460 1280 1712 1352 videbis,
1744 1278 2174 1338 meditabimur

440 1381 655 1450 postea
703 1373 848 1451 quid
897 1373 1222 1431 dicendum
1277 1373 1356 1431 sit
1411 1373 1486 1431 de
1543 1374 1947 1451 phaenomeno
2012 1371 2176 1450 quod

440 1467 738 1526 retuleris,
812 1467 994 1527 Quod
1026 1467 1245 1526 attinet
1276 1467 1354 1526 ad
1384 1487 1628 1526 causam
1658 1467 1993 1546 gravitatiS‚
2024 1467 2176 1526 mihi

443 1561 688 1639 quidem
718 1561 870 1620 nihil
893 1561 1138 1620 videtur
1158 1562 1563 1635 verisimilius,
1586 1583 1769 1641 quam
1801 1561 1966 1640 quod
1994 1581 2177 1620 causa

441 1655 545 1714 illa
581 1676 716 1734 quae
756 1656 959 1733 potuit
989 1677 1025 1714 a
1054 1656 1354 1735 principio
1385 1656 1766 1735 homogenea
1813 1655 2176 1734 compellere

443 1757 503 1807 et
533 1749 942 1827 heterogenea
971 1749 1282 1828 dissipare,
1308 1751 1521 1810 eadem
1548 1772 1711 1810 nunc
1734 1760 1936 1830 potest
1963 1751 2176 1809 homo-

440 1863 653 1920 genea‚
687 1843 976 1921 dissipata
1004 1863 1114 1922 per
1143 1844 1512 1917 violentiam,
1535 1845 1758 1903 iterum
1782 1862 2176 1923 congregare,

443 1946 504 1996 et
574 1937 986 2014 heterogenea
1042 1938 1104 1996 vi
1174 1939 1487 2016 compulsa
1541 1938 1836 2017 disjicere.
1966 1937 2175 1996 Motus

442 2039 666 2103 autem,
699 2031 802 2109 (1111
831 2031 894 2089 1(1
922 2041 1144 2110 potest,
1176 2033 1330 2091 alius
1373 2053 1501 2092 esse
1532 2053 1657 2092 non
1699 2041 1904 2111 potest
1951 2042 2178 2110 praeter

441 2134 671 2183 motum
706 2126 875 2184 illum
907 2126 1263 2187 circularem
1295 2127 1648 2206 simplicem,
1681 2148 1861 2205 quem
1902 2126 2178 2186 definivit

445 2219 745 2292 Hobbius‚
777 2221 933 2279 libro
973 2240 1061 2280 DE
1109 2239 1450 2294 CORPORE,
1492 2242 1624 2300 cap.
1660 2243 1758 2294 xv,
1790 2221 2177 2299 appellatque

443 2313 667 2372 alicubi
674 2313 1246 2392 fermentationem,
1273 2326 1334 2374 et
1360 2316 1434 2375 de
1465 2336 1536 2374 eo
1558 2316 1996 2394 proprietatem
2019 2315 2178 2374 hanc

446 2407 845 2478 demonstrat,
879 2409 1043 2487 quod
1074 2420 1410 2488 congregat
1436 2410 1815 2487 homogenea
1845 2417 1908 2466 et
1934 2409 2178 2466 hetero-

444 2522 639 2579 genea
670 2502 941 2581 dissipat.
1006 2504 1215 2563 Motus
1245 2514 1449 2563 autem
1477 2504 1656 2581 hujus
1686 2502 1930 2560 initium
1957 2501 2022 2559 in
2052 2501 2178 2560 sole

446 2615 574 2654 esse
606 2597 911 2673 supponit.

532 2690 611 2748 B.
659 2690 865 2749 Placet
894 2691 1044 2749 mihi
1073 2700 1181 2750 tua
1209 2691 1403 2768 magis
1433 2689 1804 2768 hypothesiS,
1847 2708 2029 2766 quam
2075 2687 2180 2747 illa

447 2784 522 2844 de
551 2784 611 2842 vi
649 2784 804 2842 aeris
851 2785 1114 2844 elastica.
1203 2785 1364 2844 Nam
1415 2784 1591 2843 video
1636 2783 1799 2861 quod
1848 2803 1884 2841 a
1922 2782 2179 2840 veritate

444 2878 625 2951 illius,
656 2879 879 2937 veritas
922 2879 1261 2957 dependeat
1289 2879 1385 2937 1761
1425 2878 1599 2937 1766111
1627 2878 1725 2935 1761
1762 2876 1962 2955 pleni;
2008 2875 2114 2934 sed
2143 2896 2182 2935 a

446 2971 704 3032 veritate
743 2972 943 3050 hujuS‚
984 2973 1135 3031 nihil
1184 2972 1456 3050 sequitur
1502 2972 1565 3030 in
1616 2980 1895 3030 neutram
1941 2981 2181 3048 partem

447 3067 816 3147 quaestionis,
931 3067 1127 3139 Aeris,
1182 3066 1400 3145 inquit,
1461 3075 1771 3125 structura
1822 3064 2032 3124 similis
2089 3071 2182 3122 est

448 3181 809 3240 compressae
856 3161 1032 3220 lanae.
1141 3161 1307 3219 Bene
1359 3170 1470 3219 est.
1574 3160 1745 3218 Lana
1795 3159 1865 3218 fit
1911 3178 1983 3217 ex
2041 3157 2179 3218 filis.

449 3256 661 3316 Recte.
778 3255 899 3314 Sed
950 3257 1120 3332 cujus
1178 3254 1433 3333 figurae?
1550 3254 1614 3312 Si
1663 3250 2180 3331 parallelopipedi,

449 3351 617 3409 nulla
671 3359 877 3428 potest
935 3369 1064 3408 esse
1137 3349 1505 3427 compressio
1563 3347 1875 3426 partium:
1948 3346 1998 3405 si
2054 3365 2181 3404 non

447 3443 965 3523 parallelopipedi‚
1006 3452 1186 3502 erunt
1217 3443 1378 3502 inter
1406 3443 1509 3502 fila
1537 3442 1641 3501 illa
1673 3441 1870 3520 spatia
1900 3439 2180 3518 quaedam

449 3539 662 3598 relicta
688 3565 702 3606 ;
751 3558 885 3616 quae
917 3539 967 3597 si
995 3557 1185 3596 vacua
1222 3545 1382 3610 sunt,
1415 3545 1764 3616 supponunt
1793 3553 2070 3606 vacuum,
2102 3531 2182 3591 ad

447 3633 832 3710 probandum
875 3632 1039 3710 quod
1080 3651 1338 3692 vacuum
1385 3641 1478 3691 est
1519 3630 1840 3710 possibile;
1885 3628 1934 3687 si
1979 3627 2178 3706 plena,
