2462 4120
746 374 1306 417 GEOMETRARUM.
1770 367 1890 420 393

881 595 1054 656 CAP.
1088 596 1168 655 II.

843 720 934 761 DE
969 718 1206 760 LINEA.

156 811 461 882 LINEAM,
494 807 709 868 definit
753 807 1061 880 EuclideS,
1094 805 1540 886 longitudinem-
1582 827 1719 866 esse
1757 808 1893 868 Sine

157 904 506 965 latitudine.
596 903 864 976 Scilicet,
916 902 1336 962 conformatur
1381 901 1514 960 haec
1561 901 1640 960 ad
1682 902 1891 961 defini-

153 1000 384 1060 tionem
437 998 670 1078 puncti,
725 1007 787 1058 et
834 1005 1161 1076 propterea
1203 995 1419 1055 eadem
1459 996 1664 1054 omnia
1707 996 1894 1056 habet

154 1094 324 1155 vitia.
411 1093 574 1153 Nam
604 1102 675 1152 ut
707 1103 988 1152 centrum
1017 1090 1231 1150 circuli
1255 1089 1547 1148 dividitur
1576 1109 1614 1148 a
1642 1091 1894 1149 sectori-

153 1188 268 1248 bus
306 1189 369 1247 in
409 1196 613 1267 partes
644 1187 962 1266 quotlibet,
994 1187 1083 1246 ita
1125 1186 1310 1245 etiam
1350 1193 1658 1244 sectorum
1705 1183 1896 1244 latera

156 1282 516 1343 dividuntur
546 1282 881 1342 secundum
919 1281 1328 1342 latitudinem.
1416 1280 1578 1339 Nam
1609 1279 1660 1338 si
1697 1288 1898 1338 sector

156 1377 411 1457 quilibet
451 1376 759 1436 dividatur
806 1377 871 1436 in
917 1376 1069 1436 duos
1108 1385 1395 1444 sectoreS,
1440 1394 1701 1453 quorum
1738 1394 1897 1434 unus

156 1470 321 1550 apud
351 1480 414 1531 te
444 1480 625 1543 esset,
655 1471 811 1530 alter
849 1471 1015 1550 apud
1043 1491 1162 1544 me,
1193 1471 1450 1529 haberet
1483 1479 1745 1549 uterque
1776 1468 1897 1529 duo

153 1564 349 1625 latera
373 1589 386 1624 :
420 1575 482 1625 et
509 1575 853 1644 propterea,
875 1566 999 1624 sive
1022 1565 1182 1624 latus
1206 1564 1358 1624 illud
1381 1563 1649 1623 medium
1674 1564 1899 1624 habeat

153 1657 564 1732 latitudinem,
596 1659 722 1718 sive
769 1658 1331 1731 non-latitudinem,
1363 1658 1482 1716 erit
1527 1657 1790 1717 divisum
1834 1657 1898 1717 in

155 1752 306 1813 duas
336 1754 707 1833 superficieS,
730 1753 826 1811 vel
851 1753 914 1811 in
936 1753 1086 1812 duas
1106 1751 1634 1831 non-superficies
1682 1752 1897 1832 Itaque

155 1846 322 1905 omni
351 1846 534 1906 modo
563 1847 726 1906 linea
755 1856 848 1906 est
879 1846 1217 1906 divisibilis.

239 1939 438 2000 Linea
481 1942 557 2001 ab
603 1942 736 2001 aliis
779 1941 1088 2015 definitur,
1107 1940 1333 2022 puncti
1365 1940 1512 1999 moti
1542 1940 1893 2021 vestigium,

155 2034 282 2094 sive
311 2034 430 2095 via.
517 2036 609 2095 De
641 2056 760 2115 qua
790 2036 1147 2096 definitione
1180 2035 1421 2095 Clavius
1452 2035 1538 2095 sic
1582 2035 1894 2114 loquitur:

154 2129 640 2190 “Mathematici
686 2151 949 2210 quoque,
997 2141 1066 2190 ut
1113 2131 1288 2190 nobis
1335 2129 1650 2189 inculcent
1687 2150 1895 2189 veram

151 2222 328 2284 lineae
384 2225 875 2304 intelligentiam,
929 2225 1343 2304 imaginantur
1402 2232 1720 2303 punctum,
1765 2226 1895 2303 jam

154 2317 527 2398 descriptum
574 2320 875 2399 superiori
922 2319 1299 2391 definitione,
1331 2338 1364 2377 0
1403 2318 1539 2378 1000
1580 2319 1643 2377 111
1690 2318 1894 2378 10011111

152 2413 401 2473 1110νο11.
513 2413 668 2474 Cum
726 2414 887 2474 enim
945 2424 1245 2493 punctum
1305 2413 1382 2472 sit
1438 2433 1686 2491 prorsus
1735 2413 1895 2473 indi-

153 2507 423 2582 viduum,
453 2508 831 2587 relinquetur
866 2529 942 2568 ex
980 2528 1052 2568 eo
1101 2517 1275 2567 motu
1320 2506 1680 2585 imaginario
1710 2508 1894 2567 vesti-

155 2601 325 2682 gium
354 2602 660 2680 quoddam
703 2603 977 2681 longum,
1009 2602 1204 2662 omnis
1236 2621 1452 2680 expers
1491 2602 1891 2662 latitudiniS.'’

155 2694 310 2753 Vide
350 2695 944 2769 mathematicorum,
976 2696 1080 2776 qui
1124 2696 1470 2756 subtiliores
1514 2696 1706 2756 multo
1751 2705 1893 2756 sunt

158 2807 340 2866 quam
370 2789 476 2866 qui
506 2809 751 2868 operam
784 2790 1088 2849 dederunt
1129 2790 1346 2850 studiis
1390 2798 1751 2849 caeterarum
1795 2810 1892 2849 ar-

155 2882 330 2950 tium,
362 2881 638 2942 Clavium
668 2884 1149 2957 subtilissimum,
1181 2885 1548 2944 scribentem
1578 2885 1696 2943 hoc
1735 2885 1890 2957 1000,

156 2975 479 3055 vestigium
508 2976 778 3056 relinqui
818 2977 1068 3057 longum
1116 2999 1152 3037 a
1199 2986 1362 3037 motu
1392 2979 1524 3055 ejus
1555 2978 1724 3058 quod
1759 2978 1893 3037 nul-

156 3067 280 3128 lam
309 3068 491 3128 habet
519 3068 926 3143 latitudinem,
955 3071 1018 3130 id
1042 3082 1154 3146 est,
1180 3093 1216 3131 a
1237 3082 1410 3132 motu
1432 3071 1625 3131 nihili,
1676 3073 1892 3132 Sciunt

158 3173 366 3222 tamen
405 3183 635 3234 omneS,
675 3164 826 3222 nihil
871 3166 1104 3224 moveri
1153 3177 1378 3245 praeter
1425 3186 1664 3244 corpus,
1695 3186 1891 3245 neque

157 3266 393 3317 motum
438 3257 679 3335 concipi
730 3258 848 3316 nisi
900 3261 1170 3337 corporis
1217 3279 1415 3338 posse.
1505 3260 1626 3319 Sed
1672 3279 1889 3337 corpus

159 3370 339 3411 omne
363 3359 592 3410 motum
614 3351 935 3429 vestigium
955 3353 1245 3432 relinquit
1268 3374 1390 3413 non
1412 3354 1594 3412 modo
1618 3354 1888 3430 longum,

159 3445 268 3505 sed
306 3444 490 3503 etiam
536 3444 749 3503 latum.
838 3446 1127 3506 Definitio
1176 3448 1366 3526 igitur
1407 3448 1584 3506 lineae
1630 3447 1888 3505 debebat

159 3559 291 3598 esse
329 3538 716 3616 hujusmodi:
763 3538 925 3598 linea
974 3548 1068 3598 est
1120 3541 1450 3622 vestigium
1496 3540 1666 3620 quod
1704 3538 1886 3597 relin-

158 3633 369 3713 quitur
406 3653 446 3691 a
486 3640 647 3692 motu
688 3633 988 3712 eorporiS,
1031 3636 1206 3712 eujus
1237 3634 1545 3714 quantitas
1594 3654 1710 3692 non
1749 3652 1887 3691 eon-

158 3726 480 3786 sideratur
511 3727 572 3784 in
603 3725 1140 3787 demonstratione.

1980 839 2093 872 CAP.
2119 840 2172 875 ΙΙ.

1996 945 2051 980 De
2067 945 2173 981 linea.
