2462 4120
468 360 585 412 244
992 371 1081 412 DE
1115 371 1398 414 NATURA
1429 371 1656 415 AER1s.

469 505 735 584 cognita.
822 505 1085 587 Ideoque
1114 526 1326 566 vereor
1362 527 1436 566 ne
1467 529 1540 567 ex
1585 507 1906 587 suppositis
1948 507 2190 586 quibus-

470 600 610 659 dam
639 599 796 659 aeris
825 601 1297 679 proprietatibus
1329 602 1695 661 concludant
1726 602 2007 680 spatium,
2029 602 2193 680 quod

469 716 507 754 a
565 706 806 753 suctore
851 706 1117 754 retracto
1177 696 1558 774 relinquitur,
1606 717 1732 755 esse
1788 717 2046 755 vacuum
2071 722 2086 765 ;
2132 706 2194 755 et

469 789 544 847 ab
576 808 646 847 eo
676 808 902 861 rursuS,
928 788 1090 866 quod
1120 789 1381 867 spatium
1412 789 1560 848 illud
1592 799 1685 848 est
1707 810 1985 862 vacuum,
2009 789 2195 849 talem

469 883 726 961 probare
745 882 934 941 velint
963 902 1092 941 esse
1112 892 1392 941 naturam
1417 883 1574 941 aeris
1600 883 1838 961 qualem
1867 903 2193 962 supposue-

470 987 645 1035 rant:
676 976 740 1035 id
770 986 879 1049 est,
906 996 983 1034 ne
1014 976 1432 1035 demonstrent
1461 977 1588 1034 sine
1618 977 1915 1054 principio
1947 978 2195 1036 demon-

472 1070 801 1131 strationis,

556 1164 636 1223 B.
684 1164 942 1225 Qualem
973 1172 1177 1222 autem
1208 1162 1362 1220 aeris
1408 1171 1688 1222 naturam
1728 1163 2077 1241 imaginaris
2108 1174 2195 1237 tu,

473 1278 591 1337 qua
622 1258 953 1337 supposita,
987 1256 1249 1335 spatium
1278 1255 1430 1314 illud
1458 1257 1678 1335 repleri
1707 1256 1948 1335 potest?

555 1352 636 1412 A.
681 1350 932 1430 Egone?
1037 1351 1325 1428 Suppono
1379 1370 1578 1409 aerem
1635 1352 1909 1426 fluidum,
1966 1350 2030 1409 id
2086 1359 2196 1423 est,

472 1446 647 1506 facile
680 1445 1039 1505 divisibilem
1070 1444 1131 1502 in
1162 1452 1365 1522 partes
1397 1464 1634 1523 semper
1679 1446 1897 1505 fluidas
1935 1465 2199 1523 semper-

474 1561 591 1619 que
623 1559 845 1612 aerem,
877 1558 948 1597 eo
990 1537 1172 1596 modo
1204 1558 1322 1616 quo
1355 1558 1532 1597 omne
1581 1548 1875 1617 quantum
1906 1538 2202 1598 divisibile

474 1643 565 1694 est
593 1635 654 1692 in
686 1651 921 1710 semper
953 1640 1197 1710 quanta.
1285 1631 1416 1690 Nec
1468 1652 1743 1711 suppono
1795 1642 2055 1705 tantum,
2096 1632 2203 1691 sed

473 1727 656 1787 credo
687 1746 947 1806 quoque,
978 1725 1159 1784 modo
1190 1745 1394 1785 aerem
1435 1726 1843 1806 intelligamus
1886 1728 1962 1787 ab
1995 1728 2200 1786 omni*

475 1833 655 1880 terrae
685 1839 980 1900 aquaeque
1011 1819 1262 1878 effluviis
1291 1840 1531 1898 purum,
1564 1821 1757 1900 qualis
1790 1830 2043 1900 putatur
2066 1841 2202 1881 esse

474 1915 682 1975 aether.
794 1914 1009 1991 Neque
1068 1923 1164 1972 est
1221 1914 1323 1993 qui
1367 1914 1661 1974 hactenus
1712 1916 1898 1974 ullam
1947 1915 2207 1974 adduxit,

474 2009 791 2080 rationem,
817 2027 1002 2085 quare
1033 2007 1121 2066 ita
1151 2027 1279 2066 esse
1309 2028 1434 2067 non
1464 2018 1688 2087 potest.
1778 2010 2010 2069 Contra
2033 2029 2198 2082 vem,

476 2103 527 2162 si
582 2122 722 2180 pars
780 2102 954 2175 aeriS‚
1023 2110 1251 2180 quanta
1303 2113 1393 2162 est
1457 2103 1708 2162 minima
1764 2123 1944 2181 quam
1996 2103 2202 2162 vidisti

475 2216 740 2274 unquam
770 2204 945 2274 gutta
974 2216 1167 2274 aquae,
1197 2196 1386 2255 fluida
1415 2207 1525 2269 est,
1565 2198 1866 2277 quomodo
1915 2197 2028 2256 tibi
2062 2217 2201 2277 pro-

476 2289 766 2369 baturus†
797 2299 888 2349 est
918 2290 1148 2369 aliquid
1180 2291 1342 2369 quod
1371 2311 1512 2369 pars
1543 2291 1793 2351 dimidia
1831 2293 1959 2370 ejus
1990 2293 2202 2370 partiS‚

477 2384 592 2456 vel,
618 2384 668 2443 si
691 2384 798 2456 viS,
824 2384 1051 2443 centies
1075 2385 1292 2444 millies
1317 2385 1655 2459 millesima,
1679 2407 1801 2446 non
1833 2387 1910 2446 sit
1932 2385 2205 2464 ejusdem

478 2487 730 2550 naturae,
761 2498 976 2556 nempe
1001 2478 1190 2538 fluida
1219 2489 1281 2538 et
1310 2499 1433 2551 aer,
1465 2499 1568 2538 aer
1598 2480 1845 2558 inquam
1873 2479 2102 2558 purus?

561 2573 640 2631 B.
689 2571 808 2631 Sed
836 2572 1111 2651 plerique
1141 2581 1420 2633 nostrum
1443 2582 1723 2632 naturam
1745 2573 1994 2633 fluidam
2020 2594 2057 2632 a
2081 2594 2206 2633 non

478 2666 668 2726 fluida
692 2666 1120 2745 distinguimus
1149 2666 1572 2745 magnitudine
1595 2668 1857 2745 partium
1885 2687 1960 2726 ex
1990 2667 2205 2746 quibus

481 2781 700 2840 corpus
772 2761 1018 2839 aliquod
1077 2770 1336 2833 constat,
1410 2770 1470 2820 et
1531 2762 1704 2840 quasi
1775 2762 2202 2841 compingitur.

485 2855 701 2933 Itaque
772 2875 895 2913 non
959 2854 1140 2914 modo
1199 2874 1420 2929 aerem,
1478 2875 1718 2934 aquam,
1779 2864 1842 2915 et
1910 2856 2208 2934 liquorem

483 2968 744 3020 omnem,
777 2947 883 3007 sed
919 2948 1100 3008 etiam
1140 2949 1406 3008 cinerem
1453 2957 1514 3008 et
1558 2949 1870 3027 pulverem
1917 2960 2207 3028 tanquam

481 3042 670 3102 fluida
720 3043 1218 3125 contemplamur.
1331 3043 1410 3102 Et
1465 3043 1653 3103 fluida
1704 3064 1779 3103 ex
1826 3064 1951 3103 non
2006 3044 2214 3104 fluidis

484 3136 819 3215 composita
847 3156 975 3196 esse
1007 3158 1182 3216 posse
1222 3158 1345 3198 non
1397 3158 1708 3216 negamus.
1797 3139 1955 3198 Nam
2004 3139 2210 3199 divisi-

483 3230 784 3290 bilitatem
813 3231 977 3290 illam
1006 3232 1305 3292 infinitam
1339 3253 1462 3292 non
1493 3235 1944 3312 concoquimus.

571 3325 650 3384 Α.
698 3325 924 3384 Divisio
957 3326 1200 3403 quidem
1244 3327 1483 3386 infinita
1528 3328 1768 3407 concipi
1814 3347 1939 3387 non
1987 3335 2210 3406 potest,

486 3418 866 3478 divisibilitas
898 3428 1100 3478 autem
1136 3420 1332 3480 facile.
1419 3421 1568 3500 Ego,
1602 3431 1836 3494 contra,
1870 3421 2210 3481 distinctio-

554 3607 558 3610 ’
620 3614 649 3642 *
677 3613 756 3663 sic
780 3615 909 3661 Edit.
942 3617 1062 3662 1661
1093 3622 1140 3662 et
1169 3618 1308 3664 1688.
1601 3617 1628 3670 †
1666 3617 1747 3666 Sic
1770 3618 1901 3666 Edit.
1934 3620 2075 3666 1668.
