2462 4120
695 369 1169 412 PROBLEMATA
1203 370 1528 412 PHYSICA.
1866 360 1985 413 319

233 509 615 589 plenitudine
646 508 982 587 supposita,
1015 507 1324 585 quomodo
1365 508 1814 569 demonstrabis
1850 530 1990 589 pos-

234 605 407 665 sibile
438 604 687 664 omnino
721 622 852 662 esse
881 611 952 661 ut
984 601 1355 661 divellantur
1380 601 1400 659 ?

316 698 396 758 Β.
443 698 664 776 Cogita
720 697 921 775 primo
982 715 1205 774 corpus
1263 696 1515 774 aliquod
1570 696 1818 767 ductile,
1876 718 1991 758 nec

232 793 415 852 nimis
447 791 689 865 durum,
734 802 806 850 ut
851 811 1076 863 ceram,
1128 790 1193 849 in
1235 789 1387 849 duas
1434 799 1643 868 partes
1689 791 1989 851 distrahi:

234 907 370 964 quae
400 896 610 945 tamen
650 894 858 964 partes
908 905 1034 945 non
1074 884 1278 943 minus
1319 893 1538 943 exacte
1578 884 1643 942 in
1683 886 1994 943 communi

230 978 415 1057 plano
448 999 512 1038 se
543 988 761 1038 mutuo
791 987 1062 1057 tangunt
1092 997 1276 1057 quam
1305 976 1634 1036 laevissima
1663 996 1992 1036 marmora.

231 1072 368 1132 Jam
431 1092 553 1151 quo
609 1081 794 1151 pacto
855 1071 1236 1131 distrahatur
1294 1090 1456 1143 cera,
1517 1069 1992 1129 consideremus,

231 1166 459 1226 Nonne
492 1175 793 1245 perpetuo
833 1175 1212 1238 attenuatur,
1245 1164 1444 1224 donec
1474 1164 1538 1223 in
1570 1163 1743 1224 filum
1775 1164 1997 1223 evadat

230 1260 678 1332 tenuissimum,
711 1269 773 1320 et
813 1260 983 1320 omni
1018 1260 1162 1319 dato
1207 1279 1413 1318 crasso
1462 1259 1747 1318 tenuius:
1794 1266 1858 1317 et
1909 1259 1995 1316 sic

230 1354 483 1414 tandem
514 1354 869 1414 divellitur?
958 1353 1192 1413 Eodem
1225 1353 1410 1412 modo
1451 1353 1640 1412 etiam
1672 1351 1998 1411 durissima

233 1448 521 1509 columna
550 1449 615 1507 in
647 1448 797 1508 duas
827 1459 1036 1527 partes
1068 1448 1464 1520 distrahetur,
1510 1448 1561 1507 si
1589 1447 1714 1507 vim
1758 1455 1998 1507 tantam

233 1541 527 1601 adhibeas
579 1554 812 1620 quanta
867 1542 1092 1601 sufficit
1145 1541 1223 1601 ad
1276 1541 1691 1600 resistentiam
1750 1540 1998 1599 duritiei

239 1636 669 1714 superandam.
784 1636 959 1696 Sicut
1010 1638 1175 1696 enim
1231 1636 1295 1694 in
1346 1655 1488 1695 cera
1537 1646 1746 1714 partes
1792 1635 1993 1713 primo

233 1730 479 1789 extimae
528 1729 976 1803 distrahuntur,
1037 1730 1102 1788 in
1154 1749 1414 1808 quarum
1461 1730 1668 1789 locum
1720 1729 1996 1789 succedit

233 1843 374 1883 aer:
420 1824 508 1883 ita
537 1824 725 1883 etiam
765 1825 830 1883 in
877 1843 1136 1902 corpore
1179 1824 1635 1901 quantumlibet
1687 1824 1842 1884 duro
1892 1843 1998 1883 aer

231 1918 436 1977 locum
482 1918 644 1978 subit
686 1918 959 1997 partium
1007 1917 1396 1991 extimarum,
1439 1938 1576 1996 quae
1611 1919 1827 1996 primae
1866 1918 2001 1977 vul-
2046 1951 2051 1962 ,

233 2013 419 2072 sionis
442 2013 672 2072 viribus
704 2013 1161 2091 dirumpuntur.
1220 2013 1330 2071 Vis
1354 2022 1562 2071 autem
1588 2033 1725 2091 quae
1750 2021 2001 2091 superat

232 2106 645 2166 resistentiam
683 2107 954 2186 partium
997 2107 1367 2166 extimarum
1414 2106 1572 2179 duri,
1604 2106 1785 2166 facile
1817 2126 1998 2184 supe-

233 2200 397 2260 rabit
452 2202 866 2260 resistentiam
924 2200 1320 2279 reliquarum.
1428 2201 1591 2260 Nam
1646 2201 1998 2260 resistentia

233 2295 433 2373 prima
463 2305 556 2354 est
594 2315 630 2355 a
661 2304 795 2355 toto
839 2294 1015 2368 dur0,
1065 2294 1442 2372 reliquarum
1472 2315 1617 2355 vero
1671 2314 1914 2374 semper
1961 2315 1999 2354 a

235 2388 501 2448 residuo,

326 2482 408 2542 A.
453 2484 551 2542 Ita
585 2482 835 2561 quidem
871 2482 1119 2542 videtur
1163 2482 1582 2542 consideranti
1630 2503 1815 2561 quam
1862 2502 1999 2542 cor-

242 2596 396 2655 pora
440 2577 742 2655 quaedam,
790 2577 1133 2655 praesertim
1163 2596 1310 2636 vero
1356 2576 1704 2650 durissima,
1757 2577 2000 2655 fragilia

245 2670 387 2730 sint.
476 2671 783 2730 Caeterum
815 2670 891 2729 de
922 2671 1150 2730 duritie
1175 2670 1574 2749 interrogabo
1606 2682 1668 2730 te
1692 2671 1812 2730 alio
1843 2681 1998 2730 tem-

245 2783 414 2842 pore.
500 2763 601 2822 Ad
628 2785 891 2824 vacuum
932 2785 1098 2824 nunc
1149 2774 1448 2824 revertor.
1540 2765 1710 2826 Quas
1764 2784 1997 2837 causas,

242 2857 372 2916 sine
396 2858 816 2935 suppositione
837 2859 1035 2932 vacui,
1060 2859 1418 2918 redditurus
1449 2878 1513 2918 es
1544 2859 1791 2918 illorum
1818 2860 1998 2918 effec-

243 2959 420 3009 tuum
450 2950 553 3027 qui
584 2952 998 3011 ostenduntur
1020 2972 1131 3031 per
1162 2954 1512 3013 machinam
1542 2954 1710 3013 illam
1741 2973 1877 3031 quae
1907 2961 1999 3011 est

243 3044 307 3102 in
339 3043 612 3121 Collegio
643 3045 1071 3106 Greshamensi
1098 3046 1118 3105 Ρ

330 3136 412 3195 B.
458 3137 750 3197 Machina
779 3139 884 3198 illa
925 3140 1175 3199 eosdem
1216 3142 1472 3200 effectus
1503 3141 1813 3220 producit,
1846 3158 1997 3217 quos

243 3229 616 3307 produceret
665 3230 728 3289 in
780 3231 916 3290 loco
968 3253 1094 3292 non
1140 3253 1366 3312 magno
1417 3254 1677 3313 magnus
1727 3234 1996 3292 inclusus

243 3333 483 3383 ventus.

329 3415 410 3475 A.
459 3417 791 3477 Quomodo
825 3419 1171 3497 ingreditur
1206 3422 1364 3480 istuc
1410 3421 1673 3480 ventus?
1763 3418 1997 3479 Machi-

250 3530 395 3570 nam
426 3511 592 3570 nosti
621 3511 967 3590 cylindrum
990 3533 1119 3572 esse
1150 3534 1386 3586 cavum,
1411 3535 1650 3573 aeneum
1677 3537 1689 3571 ε
1723 3513 1786 3571 in
1817 3531 1998 3589 quem

255 3604 647 3684 protruditur
688 3605 1001 3684 cylindrus
1042 3607 1196 3668 alius
1244 3609 1474 3669 solidus
1520 3609 1779 3686 ligneUS,
1831 3604 1996 3664 corio

2082 528 2195 559 CAP.
2222 527 2297 558 ΙΙΙ.

2059 582 2300 610 κ’φα

2082 633 2139 667 De
2156 642 2286 667 vacuo.
