2462 4120
706 406 1176 450 PROBLEMATA
1210 407 1534 449 PHYSICA.
1878 399 1943 451 31
1969 399 1991 451 l

333 550 415 610 B.
461 550 532 609 In
565 547 892 607 reddendis
935 546 1134 605 causis
1165 546 1550 604 naturalibus
1597 547 1759 606 ultra
1793 547 2002 606 verisi-

2104 568 2216 600 CAP.
2245 568 2277 598 Ι.

2080 625 2315 652 ν-Ὺ-κ

246 644 390 703 111113
419 643 508 702 ire
548 641 897 701 hominibus
942 660 1069 699 non
1111 638 1491 698 conceditur.
1579 640 2001 701 Veruntamen
2050 676 2312 723 Degravitaoe,

247 738 502 797 meliora
530 735 663 795 haec
695 744 857 804 sunt,
883 754 1068 812 quam
1096 742 1168 792 ut
1192 741 1300 792 aut
1324 752 1571 791 causam
1592 733 2003 794 descensionis

246 831 529 910 gravium
587 829 863 888 dicamus
916 847 1047 887 esse
1108 827 1499 905 gravitatem,
1552 828 1659 886 ubi
1712 830 2006 906 quaeritur

250 944 436 984 causa
481 924 844 1003 gravitatis:
891 931 999 982 aut
1047 920 1213 1000 quod
1260 921 1475 999 gravia
1520 940 1557 979 a
1606 931 1771 980 terra
1817 932 2007 981 attra-

249 1019 499 1091 huntur,
519 1039 660 1078 cum
687 1017 986 1096 quaeritur
1011 1015 1320 1095 quomodo
1345 1015 1764 1087 attrahuntur,
1792 1016 2009 1092 quibus

249 1112 542 1171 nimirum
571 1112 769 1183 1111315,
805 1110 1026 1189 quibus
1056 1109 1327 1168 funibus.

336 1203 413 1264 A.
458 1206 697 1264 Vellem
728 1205 915 1264 etiam
944 1205 1063 1263 hoc
1094 1203 1271 1275 scire,
1298 1222 1408 1261 cur
1438 1211 1604 1261 terra
1626 1201 1864 1260 facilius
1894 1201 2011 1259 hoc

252 1308 428 1359 motu
457 1319 664 1359 aerem
694 1299 894 1377 rejicit
926 1318 1110 1377 quam
1141 1297 1260 1356 alia
1289 1317 1568 1375 corpora.

342 1393 423 1452 B.
471 1393 700 1453 Globus
737 1392 977 1452 telluris
1024 1401 1193 1451 totus
1225 1412 1367 1450 cum
1411 1391 1490 1450 sit
1529 1389 1657 1450 aeri
1695 1389 2014 1467 undequa-

256 1507 375 1566 que
429 1487 782 1565 contiguus,
836 1486 990 1546 nihil
1064 1486 1319 1564 rejicere
1378 1504 1518 1545 aere
1570 1484 1739 1563 prius
1789 1491 2013 1562 potest.

256 1581 549 1659 Rejectus
609 1581 790 1640 simul
849 1599 1055 1639 aerem
1107 1579 1460 1657 proximum
1517 1577 1758 1636 facilius
1805 1586 2014 1636 movet

256 1694 440 1754 quam
470 1674 639 1734 aliud
671 1693 913 1752 corpus,
947 1673 1375 1751 qualecunque
1414 1671 1568 1731 illud
1598 1673 1663 1730 in
1703 1690 1845 1730 aere
1885 1691 2015 1730 esse

257 1768 625 1847 contigerit:
671 1777 1002 1846 propterea
1034 1766 1200 1845 quod
1231 1766 1454 1825 similia
1485 1785 1749 1844 corpora
1789 1765 2016 1824 similes

258 1871 463 1921 motus
488 1861 777 1920 facillime
807 1860 1114 1938 recipiunt
1140 1883 1153 1917 :
1187 1860 1707 1938 quemadmodum
1737 1858 2018 1918 accidere

258 1955 536 2014 videmus
566 1955 628 2013 in
654 1955 902 2014 chordis
923 1954 1185 2013 duarum
1214 1954 1486 2033 lyrarum
1506 1954 1787 2013 similiter
1806 1953 2017 2025 1311515,

259 2049 366 2108 ubi
423 2048 666 2126 pulsata
717 2068 859 2120 una,
910 2048 1261 2106 concutitur
1315 2047 1435 2106 alia
1488 2047 1769 2106 similiter
1822 2057 2019 2120 tensa,

260 2141 378 2202 etsi
424 2162 550 2201 non
599 2141 900 2219 proxima.
990 2141 1224 2201 Praeter
1270 2161 1474 2200 aerem
1517 2150 1746 2212 autem,
1796 2159 2020 2219 corpus

259 2235 497 2295 nullum
523 2246 618 2295 est
647 2235 814 2313 quod
837 2244 1074 2294 motum
1103 2255 1230 2294 non
1248 2236 1474 2294 habeat
1504 2235 1789 2312 aliquem,
1813 2254 2022 2312 quam-

260 2350 445 2408 quam
483 2329 872 2401 invisibilem,
914 2329 1185 2407 partium
1235 2349 1485 2388 suarum
1532 2330 1867 2400 internum,
1901 2348 2021 2405 quo

261 2432 484 2483 natura
514 2424 644 2501 ejus
677 2422 801 2482 sive
842 2423 1076 2501 species
1126 2423 1204 2482 ab
1254 2423 1532 2482 omnium
1579 2422 1841 2481 aliorum
1884 2441 2021 2481 cor-

262 2536 483 2595 porum
514 2517 751 2575 naturis
782 2525 844 2575 et
870 2515 1189 2595 speciebus
1222 2515 1639 2595 distinguitur.
1665 2525 1727 2575 et
1773 2515 2021 2594 dignos-

270 2610 452 2669 citur.

349 2701 428 2762 A.
475 2703 632 2763 Quae
656 2723 841 2762 causa
870 2711 963 2762 est
996 2703 1164 2782 quod
1187 2705 1402 2782 gravia
1432 2704 1714 2783 quaedam
1740 2723 2020 2782 corpora,

267 2805 340 2854 ut
367 2795 590 2873 lignea,
636 2796 744 2854 sed
776 2816 927 2855 cava
956 2806 1020 2855 et
1049 2797 1286 2875 repleta
1330 2798 1583 2876 pulvere
1638 2798 1870 2856 nitrato
1919 2797 2021 2854 311-

269 2888 632 2967 (111311111111111
661 2889 1016 2949 humectato
1047 2914 1059 2948 :
1108 2911 1481 2970 quamquam
1510 2892 1767 2969 lignum,
1801 2901 1863 2948 et
1893 2890 2021 2969 pul-

270 2983 363 3040 vis
409 2982 529 3053 ille,
571 2991 631 3040 et
678 2983 918 3055 humor,
966 2986 1171 3044 omnia
1217 2991 1342 3044 sint
1386 2986 1632 3064 gravia:
1681 2985 2024 3044 ascendunt

273 3085 481 3133 tamen
511 3074 689 3133 51111111
719 3084 900 3153 31(1113
930 3078 1129 3155 pulvis
1154 3099 1448 3138 accensus
1482 3078 1602 3138 sit?

356 3167 438 3225 B.
487 3167 722 3226 Eadem
752 3189 887 3247 quae
917 3182 1228 3231 sustentat
1267 3174 1579 3231 hominem
1610 3180 1929 3231 natantem
1959 3171 2022 3228 in

273 3261 543 3319 flumine.
634 3262 795 3320 Nam
835 3263 1021 3322 homo
1053 3275 1356 3325 sustentat
1397 3287 1480 3339 se,
1513 3287 1734 3344 aquam
1765 3264 2022 3342 pedibus

275 3353 647 3432 repellendO.
736 3355 939 3433 Ignita
986 3377 1050 3415 se
1101 3360 1368 3420 allevant
1421 3359 1771 3439 repellendo
1819 3375 2021 3415 aerem

274 3449 541 3508 flamma.

358 3542 439 3599 A.
484 3541 608 3599 Vas
640 3560 898 3613 aeneum,
931 3543 1027 3601 vel
1073 3564 1146 3603 ex
1188 3546 1307 3605 alia
1337 3546 1597 3605 materia
1624 3545 1817 3623 gravi,
1848 3550 2024 3600 nata-

273 3635 384 3706 bit,
415 3634 465 3692 si
495 3634 574 3692 sit
604 3653 864 3711 superne
896 3654 1184 3696 concava.
1277 3640 1479 3699 Quam
1505 3639 1582 3697 ob
1616 3634 1895 3696 causam?

358 3727 438 3786 B.
488 3728 584 3787 Ita
613 3726 878 3804 quidem,
910 3728 959 3786 si
992 3729 1068 3788 sit
1105 3731 1250 3790 satis
1291 3751 1582 3803 concava,
1613 3737 1684 3787 ut
1724 3735 2021 3804 quantum
