2462 4120
783 393 1338 436 GEOMETRARUM.
1792 384 1901 438 401

274 531 601 591 Videamus
636 528 926 600 secundo,
959 548 1239 605 quaenam
1282 528 1404 587 sint
1443 529 1618 589 lineae
1659 551 1794 610 quae
1837 533 1914 592 ad
1972 552 2219 587 CAP.V111.

189 625 538 686 faciendum
566 623 858 701 angulum
888 622 1113 681 debent
1151 642 1220 680 se
1265 629 1464 680 mutuo
1506 632 1737 683 tantum
1783 634 1913 685 tan·
1981 610 2217 706 m

186 739 387 801 gere:
431 727 494 777 et
529 717 843 795 (quoniam
887 716 1092 775 locum
1131 716 1294 774 hunc
1337 734 1640 792 exponens
1673 719 1916 779 Clavius

189 813 480 892 angulum
511 812 667 870 effici
699 811 848 870 dicit
892 830 966 869 ex
995 808 1343 888 hujusmodi
1374 830 1665 868 concursu
1695 832 1800 871 seu
1830 814 1914 872 ἰη-

190 906 547 982 clinatione)
584 905 732 985 quid
760 906 838 965 sit
869 905 1126 964 duarum
1148 904 1445 962 linearum
1475 904 1538 961 in
1567 905 1746 982 plano
1778 927 1916 966 con-

189 1021 419 1062 cursus,
507 1002 711 1060 Etiam
742 999 889 1078 quid
913 1000 993 1058 sit
1008 1000 1235 1077 jacere
1265 998 1327 1056 in
1359 997 1677 1058 directum.
1755 1001 1917 1066 Quid

188 1096 371 1156 etiam
402 1095 480 1155 sit
509 1094 846 1167 inclinatzb,
874 1114 1055 1172 quam
1081 1092 1322 1152 Clavius
1351 1091 1607 1151 eandem
1638 1112 1766 1152 rem
1791 1114 1918 1153 esse

187 1190 427 1270 putavit
457 1210 591 1250 cum
627 1209 948 1249 concursu.
1031 1189 1111 1248 Et
1141 1187 1288 1267 quid
1314 1187 1394 1246 sit
1426 1186 1650 1246 lineam
1681 1208 1719 1246 a
1751 1186 1917 1247 linea

186 1284 415 1344 secari.

274 1379 469 1439 Recta
497 1398 725 1450 arcum,
759 1377 882 1436 sive
925 1377 1104 1436 aliam
1150 1378 1374 1436 lineam
1414 1396 1679 1448 curvam,
1712 1376 1922 1456 tangit

191 1480 442 1546 tantum,
468 1471 709 1552 quando
738 1471 937 1550 tangit
961 1471 1226 1551 quidem,
1251 1480 1382 1531 tota
1403 1481 1608 1530 tamen
1633 1479 1725 1530 est
1748 1480 1922 1529 extra

191 1567 506 1639 circulum,
538 1576 608 1625 ut
637 1565 872 1624 nullum
903 1566 984 1624 sit
1022 1565 1337 1643 utriusque
1369 1584 1691 1624 commune
1735 1585 1919 1642 punc-

190 1671 344 1721 tum.
403 1660 489 1721 Ut
513 1660 617 1739 qui
641 1659 896 1738 alicujus
916 1659 1130 1718 domus
1153 1661 1400 1738 januam
1430 1658 1639 1739 tangit
1668 1666 1919 1731 tantum,

189 1756 242 1815 is
270 1774 470 1834 neque
499 1754 662 1814 intra
691 1753 939 1813 domum
968 1763 1079 1826 est,
1105 1773 1301 1832 neque
1329 1754 1392 1812 in
1424 1754 1553 1831 ipsa
1574 1754 1782 1832 janua,
1814 1753 1921 1812 sed

189 1859 356 1910 totus
386 1858 579 1908 extra.

274 1945 663 2004 Concurrunt
694 1951 899 2002 autem
931 1941 1067 2002 duae
1097 1943 1292 2015 lineae,
1324 1941 1569 2021 quando
1599 1942 1919 2020 utriusque

190 2046 282 2098 est
310 2037 558 2117 aliquod
587 2056 906 2096 commune
934 2046 1249 2115 punctum,
1280 2036 1542 2096 necdum
1564 2037 1921 2116 producitur

187 2132 465 2192 ulterius,

273 2227 466 2287 Recta
495 2225 757 2304 denique
796 2245 1007 2284 arcum
1048 2234 1230 2295 secat,
1265 2225 1509 2304 quando
1551 2245 1692 2303 pars
1733 2233 1918 2284 rectae

188 2332 282 2381 est
309 2321 491 2394 intra,
520 2340 660 2399 pars
690 2329 864 2380 extra
893 2321 1205 2379 circulum.
1254 2321 1396 2380 Non
1421 2330 1513 2379 est
1537 2340 1681 2398 ergo
1707 2319 1920 2378 eadem

189 2436 286 2476 res
326 2425 645 2476 contactus
689 2423 751 2474 et
798 2435 1166 2475 concursus:
1212 2436 1412 2493 neque
1465 2435 1601 2493 quae
1648 2434 1710 2472 se
1755 2413 1920 2492 plus-

190 2530 374 2589 quam
411 2518 691 2588 tangunt,
723 2510 1061 2568 necessario
1092 2529 1154 2569 se
1185 2520 1399 2569 mutuo
1431 2520 1676 2569 secant:
1723 2527 1918 2585 neque

189 2614 358 2664 recte
396 2604 832 2682 interpretatus
872 2612 965 2663 est
993 2605 1109 2663 hoc
1139 2604 1276 2663 1060
1307 2603 1623 2663 Euclidem
1655 2602 1914 2661 ClaviuS.

277 2697 509 2770 Tertio,
555 2697 866 2757 videamus
912 2698 1056 2776 quid
1106 2699 1182 2758 sit
1215 2701 1439 2776 jacere
1489 2699 1550 2757 in
1599 2698 1914 2757 directum.

190 2791 393 2851 Verba
414 2791 518 2850 illa
537 2792 760 2869 jacere
788 2792 850 2850 in.
882 2793 1180 2853 directum
1211 2815 1390 2872 quem
1420 2795 1619 2853 locum
1650 2793 1711 2851 in
1742 2792 1915 2850 lineis

191 2905 315 2945 non
353 2885 536 2944 rectis
576 2885 800 2944 habere
847 2895 1122 2964 possunt,
1149 2907 1271 2946 non
1317 2887 1627 2964 intelligo:
1673 2906 1814 2944 nam
1865 2885 1915 2944 si

191 2997 337 3036 vera
367 2987 528 3049 sunt,
553 2978 732 3055 juxta
769 2978 1332 3057 interpretationem
1378 2981 1588 3053 Clavii,
1621 2980 1724 3058 qui
1765 2979 1914 3038 dicit

193 3072 345 3131 duos
375 3090 550 3130 arcus
579 3070 695 3142 FC,
727 3070 810 3129 CI
841 3073 1069 3148 jacere
1113 3074 1175 3132 in
1215 3074 1531 3146 directum,
1563 3074 1745 3132 etiam
1776 3073 1911 3131 duae

191 3167 467 3226 semisses
497 3164 766 3243 ejusdem
797 3165 1006 3225 circuli
1037 3169 1328 3245 jacebunt
1365 3169 1428 3226 in
1470 3168 1803 3233 directum;
1851 3177 1911 3223 et

190 3259 379 3340 (quod
406 3258 549 3318 inde
579 3258 877 3336 sequitur)
910 3271 1140 3336 puncta
1158 3262 1363 3321 omnia
1386 3262 1574 3320 totius
1597 3259 1907 3339 perimetri

176 3353 474 3434 jacebunt
499 3353 566 3411 in
593 3352 890 3411 directum
915 3379 931 3421 ;
974 3365 1035 3413 et
1062 3366 1358 3433 punctum
1388 3365 1589 3433 potest
1616 3353 1843 3412 moveri
1874 3372 1911 3410 a

192 3451 327 3509 loco
360 3468 488 3519 suo,
520 3446 711 3505 donec
740 3446 818 3504 ad
848 3447 1105 3507 eundem
1143 3450 1344 3508 locum
1374 3449 1584 3508 redeat
1613 3456 1781 3505 motu
1819 3445 1907 3502 di-

193 3552 383 3612 rect0,
416 3550 476 3599 et
503 3541 612 3599 fiat
639 3539 964 3617 perimeter
994 3551 1160 3602 recta
1187 3543 1366 3601 linea.

276 3634 602 3694 Videamus
643 3643 878 3711 quartO,
911 3635 1058 3712 quid
1101 3636 1182 3696 sit
1219 3636 1556 3696 inclinatio,
1645 3631 1904 3691 Quando

358 3746 510 3787 von.
547 3746 638 3787 tv.
1634 3744 1674 3784 D
1698 3742 1740 3782 1)
