2462 4120
178 513 290 558 cAP.
316 513 441 546 xvn.

190 571 427 592 κ--Ὗ-κ

171 621 371 667 Responsio
388 621 435 655 ad

170 676 337 722 quaedam
356 686 451 721 quae·

169 730 239 764 sita
256 729 383 764 Cluvii.

498 341 620 394 438
732 354 819 395 DE
853 353 1236 397 PRINCIPIIS
1270 355 1354 396 ΕΤ
1386 355 1989 400 RATIOGINATIONE

583 491 884 550 Numerat
906 492 1240 552 duodecem
1258 494 1375 552 alia
1395 514 1621 573 genera
1642 496 1946 555 rationum
1966 496 2225 574 PappuS,

502 605 763 663 quorum
793 585 914 645 duo
946 587 1293 647 considerat
1321 589 1386 647 in
1418 589 1870 649 Commentario
1889 589 1967 648 ad
1997 589 2132 648 Des.
2164 597 2224 649 6.

498 679 689 738 Elem.
722 699 778 753 v,
806 679 1077 739 Clavius:
1108 681 1412 755 nimirum,
1436 684 1738 742 rationem
1760 683 2226 755 arithmeticam,

500 782 563 831 et
619 774 920 832 rationem
970 775 1388 834 harmonicam
1446 778 1570 835 sive
1627 778 1938 837 musicam.
2024 778 2227 856 Atque

499 867 898 928 arithmeticae
937 869 1181 947 quidem
1232 869 1379 928 satis
1418 870 1574 929 bene
1621 873 1906 932 convenit
1952 872 2227 932 definitio

498 962 754 1022 rationis
784 962 1012 1021 tradita
1041 963 1117 1021 ab
1148 962 1420 1023 Euclide.
1507 964 1668 1023 Nam
1697 966 2067 1044 quantitates
2092 965 2240 1047 duae'

500 1076 758 1134 quarum
787 1077 911 1116 una
955 1056 1212 1115 alteram
1259 1067 1507 1135 superat
1555 1060 1895 1137 quantitate
1941 1060 2230 1119 determi-

498 1159 663 1223 nata,
693 1150 922 1210 habent
953 1151 1111 1210 inter
1139 1171 1203 1210 se
1233 1151 1654 1210 habitudinem
1683 1152 1988 1231 quandam
2017 1173 2228 1213 secun-

501 1245 646 1304 dum
671 1246 1099 1323 quantitatem.
1167 1245 1347 1304 Ratio
1378 1256 1582 1304 autem
1613 1265 1794 1322 quam
1816 1246 2231 1307 harmonicam

499 1349 740 1412 vocant,
803 1349 896 1398 est
948 1339 1242 1400 habitudo
1295 1339 1573 1416 quaedam
1633 1361 1756 1400 non
1811 1341 2068 1400 duarum
2124 1342 2232 1401 sed

502 1435 688 1492 trium
718 1433 1230 1511 magnitudinum.
1318 1435 1411 1494 De
1441 1445 1698 1514 utraque
1741 1435 1885 1494 satis
1929 1435 2123 1494 multa
2168 1445 2232 1494 et

501 1528 816 1606 ingeniosa
844 1528 1030 1587 habet
1061 1528 1323 1587 ClaviUS.
1411 1529 1592 1587 Ratio
1623 1537 1828 1588 autem
1850 1528 2234 1588 arithmetica

503 1622 716 1681 eadem
757 1632 867 1693 est,
900 1642 1038 1680 cum
1088 1632 1318 1700 quanto
1366 1623 1564 1700 prima
1610 1632 1856 1701 superat
1903 1623 2233 1683 secundam

501 1717 596 1775 vel
626 1717 701 1775 ab
733 1736 804 1774 ea
833 1724 1172 1794 superatur,
1203 1725 1376 1775 tanto
1408 1716 1676 1775 secunda
1705 1726 1951 1795 superat
1989 1717 2234 1776 tertiam

503 1811 598 1868 vel
629 1811 704 1869 ab
739 1831 810 1868 ea
840 1820 1182 1888 superatur.
1271 1810 1393 1870 Sed
1422 1811 1577 1870 ratio
1618 1812 1977 1870 harmonica
2020 1811 2234 1871 eadem

503 1914 614 1977 est,
648 1904 891 1983 quando
922 1915 1211 1964 extremae
1243 1914 1384 1964 sunt
1413 1905 1576 1964 inter
1617 1925 1680 1964 se
1709 1915 1779 1965 ut
1809 1905 2167 1965 differentiae
2197 1925 2235 1964 a

503 1999 704 2058 media
734 2009 1011 2078 sumptae,
1043 2001 1238 2078 major
1284 2010 1558 2059 extrema
1602 2000 1681 2060 ad
1726 2001 2021 2078 majorem
2062 2000 2233 2059 diffe-

504 2094 785 2167 rentiam,
818 2103 879 2152 et
909 2093 1107 2152 minor
1136 2094 1215 2152 ad
1244 2095 1560 2154 minorem.

586 2189 851 2247 Putasne
896 2188 961 2246 in
1005 2187 1140 2246 aliis
1186 2188 1454 2247 scientiis
1485 2189 1680 2266 majus
1707 2197 2029 2266 peccatum
2066 2187 2234 2247 inve-

503 2282 622 2340 niri
652 2302 850 2360 posse,
882 2302 1064 2359 quam
1095 2290 1187 2340 est
1217 2281 1281 2340 in
1309 2283 1646 2359 geometria
1674 2301 1798 2340 non
1837 2291 2004 2341 recte
2045 2282 2236 2360 expli-

505 2396 671 2435 casse
742 2376 891 2454 quid
962 2376 1038 2435 sit
1100 2375 1300 2435 ratio?
1441 2376 1593 2436 Quis
1667 2376 1928 2454 scriptor
1999 2375 2235 2435 ethicus

503 2491 648 2530 usus
695 2481 787 2529 est
834 2470 1186 2529 definitione
1232 2468 1371 2529 boni
1419 2490 1564 2529 non·
1595 2470 1774 2542 bona,
1815 2470 1911 2528 vel
1949 2469 2235 2547 politicus

506 2565 857 2624 definitione
871 2565 1043 2643 juris
1072 2564 1333 2623 vitiosa?
1420 2565 1709 2623 Attamen
1741 2564 2012 2642 ejusdem
2051 2574 2143 2623 est
2172 2565 2237 2623 in

505 2659 844 2738 geometria
873 2659 1163 2718 momenti
1206 2659 1476 2718 definitio
1522 2660 1777 2719 rationis
1825 2661 1996 2738 cujus
2037 2668 2130 2718 est
2171 2659 2238 2718 in

508 2754 785 2813 doctrina
808 2753 1008 2812 ethica
1033 2753 1307 2812 definitio
1335 2752 1490 2826 boni,
1517 2763 1578 2812 et
1606 2754 1670 2812 in
1691 2753 1943 2832 politica
1962 2752 2236 2812 definitio

492 2848 667 2926 juris
688 2853 713 2906 Ι

590 2941 845 3014 Deinde,
879 2941 1043 3019 quod
1083 2941 1231 3001 dicit
1273 2941 1533 3014 ClaviUS,
1564 2941 2025 3020 proportionem
2070 2940 2239 3000 illam

507 3038 572 3096 in
611 3036 805 3095 tribus
844 3036 1131 3109 numeriS,
1176 3037 1282 3095 ubi
1323 3037 1519 3114 major
1562 3045 1972 3095 extremorum
2021 3044 2114 3094 est
2160 3033 2239 3093 ad

511 3132 809 3191 minorem
838 3140 909 3188 ut
951 3130 1292 3190 differentia
1332 3130 1580 3208 majoris
1611 3141 1672 3190 et
1714 3129 1901 3189 medii
1945 3129 2021 3189 ad
2069 3128 2240 3188 diffe-

508 3226 768 3285 rentiam
799 3223 984 3282 medii
1015 3233 1076 3283 et
1096 3224 1368 3297 minoriS‚
1401 3244 1529 3283 esse
1549 3224 1840 3283 musicam
1866 3243 1971 3282 seu
1999 3223 2236 3282 harmo-

508 3321 741 3379 nicam:
784 3327 1012 3377 temere
1044 3317 1276 3377 dictum
1306 3328 1418 3377 est.
1477 3321 1517 3348 ‘⁶
1541 3318 1612 3376 In
1644 3317 1796 3390 his'',
1826 3317 2041 3396 inquit,
2073 3320 2110 3347 “
2129 3335 2237 3374 nu-

509 3414 692 3472 meris
731 3420 788 3471 6.
817 3420 875 3471 4.
899 3419 954 3482 3,
989 3421 1080 3470 est
1117 3420 1186 3470 ut
1225 3418 1262 3470 6
1294 3411 1373 3470 ad
1403 3419 1460 3484 3,
1490 3411 1577 3470 ita
1609 3419 1666 3483 2,
1699 3411 2041 3470 differentia
2087 3410 2237 3469 duo-

510 3528 647 3567 rum
676 3508 994 3586 majorum,
1015 3505 1093 3564 ad
1123 3513 1173 3578 1,
1200 3505 1606 3564 differentiam
1631 3504 1889 3564 duorum
1912 3505 2235 3564 minorum.

515 3601 820 3662 Quoniam
869 3609 1074 3659 autem
1104 3606 1141 3657 6
1174 3608 1236 3658 et
1266 3607 1302 3658 3
1334 3599 1566 3659 faciunt
1603 3599 2061 3660 consonantiam
2109 3597 2236 3656 dia—
