2462 4120
783 403 871 444 DE
906 401 1190 444 NATURA
1223 402 1449 442 AERIS.
1871 393 1993 445 249

259 565 458 617 causa,
484 561 670 623 quare
699 541 871 601 filum
911 542 1157 600 laneum
1186 550 1330 619 post
1370 543 1882 618 compressionem
1929 563 1992 602 se

258 637 552 708 extendit,
586 656 867 715 quaenam
898 645 991 694 est
1018 634 1037 693 Ρ

340 734 422 792 Β.
471 733 836 808 Quanquam
888 748 1135 788 causam
1186 727 1300 787 tibi
1344 747 1551 787 veram
1599 729 1884 803 dicerem,
1925 740 1995 789 tu

256 836 462 887 tamen
502 825 747 884 veritati
796 844 922 883 non
963 823 1405 901 acquiescereS,
1439 821 1547 881 sed
1592 823 1849 882 ulterius
1897 844 1994 882 me

256 919 663 998 interrogabis
693 939 975 997 quaenam
1004 918 1184 996 hujus
1217 916 1296 976 sit
1326 936 1526 976 causae
1569 936 1787 984 causa;
1832 918 2002 977 unde'

257 1015 444 1075 ibitur
474 1015 538 1073 in
568 1014 894 1073 infinitum.

340 1107 418 1170 A.
463 1109 720 1168 Minime
751 1129 916 1168 ver0.
1006 1108 1165 1167 Nam
1215 1106 1322 1165 ubi
1365 1105 1444 1165 ad
1484 1125 1727 1165 causam
1759 1106 1997 1165 veneris

258 1204 524 1283 aliquam
558 1213 869 1274 aeternam,
906 1203 992 1262 ibi
1023 1214 1084 1261 te
1114 1202 1498 1280 interrogare
1525 1199 1824 1259 desinam.
1883 1201 1999 1259 Dic

260 1319 426 1377 ergO,
450 1298 907 1377 particularum,
922 1317 1057 1375 quae
1083 1296 1467 1356 constituunt
1489 1304 1773 1354 naturam
1794 1294 1998 1373 chaly-

259 1393 456 1466 beam,
485 1393 582 1452 vel
611 1393 868 1464 laneam,
898 1392 996 1452 vel
1042 1412 1303 1465 aeream,
1329 1401 1562 1451 motum
1616 1390 1788 1449 illum
1837 1410 1999 1468 quae-

259 1508 404 1548 nam
428 1508 610 1547 causa
635 1489 872 1548 efficere
902 1486 1147 1566 potest?

346 1582 427 1643 B.
474 1582 838 1661 Respondeo
879 1582 1011 1655 tibi,
1051 1581 1490 1661 particularum
1534 1581 1777 1640 illarum
1821 1579 1998 1652 aeriS,

262 1697 410 1755 quas
429 1677 546 1736 filis
570 1677 760 1736 laneis
781 1676 1149 1755 comparavi,
1170 1676 1488 1754 particulae
1508 1675 1709 1735 adhuc
1734 1675 2000 1734 minores

260 1781 490 1831 motum
519 1772 688 1831 illum
709 1771 1116 1831 restitutionis
1141 1767 1411 1830 efficiunt
1433 1790 1543 1850 per
1563 1779 1797 1830 motum
1823 1790 2001 1828 suum

258 1867 574 1946 proprium
604 1866 946 1926 naturalem
989 1865 1306 1924 reditionis
1338 1865 1401 1923 in
1442 1884 1525 1938 se,
1571 1866 1745 1944 cujus
1773 1864 2002 1944 princi-

258 1961 428 2040 pium
458 1971 550 2020 est
582 1961 838 2020 nullum.

344 2056 424 2117 A.
470 2057 678 2115 Partes
710 2076 856 2134 ergo
890 2054 1235 2133 corpusculi
1266 2054 1463 2114 omnis
1487 2054 1650 2113 aerei
1673 2054 2002 2114 moveban-

260 2160 361 2210 tur
410 2152 663 2211 seorsim
713 2160 888 2210 motu
931 2150 1036 2209 illo
1083 2150 1149 2208 in
1202 2169 1266 2209 se
1307 2148 1623 2223 redeunte,
1669 2158 2001 2228 antequam

255 2247 689 2325 corpusculum
714 2245 867 2305 illud
894 2265 967 2304 ex
992 2245 1110 2304 illis
1134 2245 1474 2305 minoribus
1506 2255 2000 2323 componeretur.

343 2339 420 2399 B.
469 2342 627 2400 Fieri
651 2341 830 2401 aliter
859 2361 981 2400 non
1008 2349 1232 2419 potest.

343 2435 426 2494 A.
471 2436 753 2495 Etiamne
785 2435 872 2494 sic
904 2435 1176 2494 sentiunt
1206 2433 1297 2493 tui
1329 2433 1478 2493 socii
1504 2433 1523 2492 ?

348 2529 428 2590 B.
475 2531 649 2592 Unus
672 2531 927 2591 fortasse
958 2540 1064 2590 aut
1094 2530 1283 2600 alter3
1331 2529 1538 2589 caeteri
1568 2549 1691 2588 non
1725 2528 1895 2588 item.

348 2624 429 2684 A.
476 2625 692 2686 Credo,
781 2626 942 2685 Nam
973 2635 1174 2684 motus
1205 2624 1304 2683 hic
1327 2623 1737 2683 restitutionis
1770 2622 2002 2682 Hobbii

266 2726 377 2790 est,
410 2728 472 2777 et
502 2720 704 2779 abillo
734 2721 932 2798 primo
963 2730 1026 2779 et
1056 2720 1184 2779 solo
1228 2718 1565 2797 explicatus
1595 2719 1660 2777 in
1701 2718 1857 2777 libro
1908 2735 1999 2775 DE

270 2829 607 2886 CORPORE,
670 2834 801 2893 cap.
833 2814 956 2887 xxi,
1005 2823 1116 2873 art.
1157 2821 1207 2872 l.
1298 2814 1441 2872 Sine
1489 2833 1610 2891 qua
1654 2811 1999 2892 hypothesi,

269 2915 772 2986 quantuscunque
801 2908 992 2980 labor,
1026 2928 1141 2977 arS,
1169 2917 1444 2986 sumptus
1476 2907 1555 2966 ad
1586 2927 1791 2966 rerum
1822 2916 2001 2965 natu-

267 3003 484 3062 ralium
526 3005 854 3066 invisibiles
905 3027 1116 3067 causas
1166 3006 1563 3066 inveniendas
1615 3006 2000 3076 adhibeatur,

267 3097 496 3157 frustra
551 3100 682 3159 erit.
794 3101 1017 3161 Vidisti
1068 3111 1273 3161 autem
1317 3102 1446 3180 jam
1504 3101 1794 3160 elastrum
1850 3099 2001 3159 illud

269 3191 444 3262 aeriS,
469 3192 634 3268 quod
663 3205 1032 3273 supponunt,
1060 3204 1166 3254 aut
1194 3195 1568 3273 impossibile
1600 3214 1748 3267 esse,
1769 3203 1874 3253 aut
1904 3213 1999 3252 re-

270 3285 636 3343 currendum
669 3306 797 3346 esse
827 3288 905 3347 ad
934 3289 1323 3367 hypothesim
1355 3289 1764 3362 Hobbianam,
1796 3308 1997 3366 quam,

268 3379 522 3438 fortasse
553 3400 673 3439 non
703 3381 1130 3461 intelligentes,
1152 3386 1516 3463 rejecerunt.

351 3471 428 3531 B.
476 3473 699 3532 Nescio
731 3475 874 3553 quid
905 3477 983 3535 ad
1006 3478 1137 3537 haec
1167 3477 1660 3556 respondendum
1690 3476 1787 3535 sit.
1876 3472 1996 3533 Sed

269 3566 318 3625 si
349 3577 415 3625 tu
443 3586 552 3644 per
580 3568 738 3626 hanc
770 3569 1153 3646 hypothesim
1203 3582 1369 3630 tuam
1405 3581 1630 3631 caetera
1658 3570 1838 3647 hujus
1868 3587 1996 3625 ma-

268 3663 465 3722 chinae
494 3663 892 3741 phaenomena
923 3665 1259 3743 expedieris
1290 3677 1418 3725 tam
1462 3665 1643 3737 clare,
1677 3682 1859 3740 quam
1909 3659 1997 3718 illi
