2462 4120
613 331 1134 373 MATHEMATICAE
1171 333 1574 374 HonmRNAE.
1850 322 1954 375 141

226 475 415 547 sione,
467 472 726 551 exempli
784 491 986 544 causa,
1041 477 1286 544 2,6,18,
1340 472 1732 532 concedimus
1779 474 1959 532 ambo
2027 490 2276 525 mALOGth

226 587 610 629 communem
641 565 1156 645 multiplicantem
1207 585 1339 623 esse
1383 572 1438 637 3,
1473 566 1598 624 sive
1640 568 1696 626 R
1736 568 1859 626 sive
1892 569 1960 626 M
2032 620 2040 630 ,
2118 559 2187 592 IV'
2259 616 2272 631 .

227 662 565 742 appellatur
592 685 604 719 ε
651 661 752 720 ille
783 670 988 720 autem
1017 661 1136 719 hoc
1167 660 1446 738 ampliuS,
1478 660 1776 720 rationem
1818 671 1852 721 2
1886 663 1966 721 ad

225 764 262 816 6
295 774 425 816 esse
457 764 511 815 3.
600 756 680 814 Et
712 763 1055 834 propterea,
1086 774 1268 832 quem
1298 773 1622 812 numerum
1654 775 1767 833 ego
1800 777 1965 815 com-

223 869 468 910 munem
529 849 1039 928 multiplicantem
1089 868 1264 919 VOCO,
1323 846 1590 926 appellat
1647 848 1748 906 ille
1801 870 1966 907 com-

224 964 470 1004 munem
499 944 819 1004 rationem.
882 942 1062 1002 Unde
1091 943 1164 1001 fit
1195 951 1263 1002 ut
1292 940 1571 1000 nonnulli
1590 940 1751 1000 illius
1775 944 1969 1002 secuti

224 1039 684 1111 authoritatem,
716 1039 1012 1098 rationem
1055 1046 1279 1116 putent
1324 1056 1452 1096 esse
1499 1055 1846 1108 numerum,
1878 1037 1970 1095 ni-

231 1135 454 1195 mirum
486 1134 865 1213 quotientem
893 1160 907 1202 ;
956 1131 1119 1211 quod
1142 1143 1236 1192 est
1261 1151 1604 1192 erroneum.

280 1233 283 1236 ’
311 1230 391 1290 Β.
438 1230 570 1289 Imo
599 1250 744 1289 vero
769 1227 1120 1288 absurdum.

310 1325 392 1385 A.
438 1324 630 1383 Video
661 1324 760 1382 hic
792 1323 1068 1402 symbola
1110 1322 1185 1381 ab
1234 1321 1352 1380 illis
1402 1321 1622 1400 quibus
1671 1320 1968 1381 hactenus

224 1440 370 1480 usus
401 1430 512 1493 est,
545 1418 966 1478 diversissima.

312 1515 394 1575 Β.
440 1514 583 1574 Non
613 1523 756 1574 sunt
786 1513 890 1572 illa
940 1511 1214 1592 symbola
1262 1511 1590 1591 algebrica,
1624 1510 1732 1570 sed
1776 1511 1968 1570 literae

228 1609 528 1670 Arabicae.

313 1704 394 1763 A.
439 1702 696 1781 Legitne
720 1702 822 1760 ille
847 1701 1133 1774 Arabica,
1157 1709 1227 1760 ut
1252 1700 1551 1760 clericus?

308 1796 386 1857 Β.
433 1796 678 1856 Nescio,
724 1794 846 1855 Sed
869 1816 905 1854 a
927 1795 1057 1854 viro
1083 1794 1437 1854 doctissimo
1469 1805 1531 1854 et
1555 1794 1717 1854 illius
1741 1795 1968 1874 linguae

230 1891 599 1971 peritissimo
630 1900 883 1969 accepta
911 1890 1068 1949 libro
1100 1909 1210 1949 suo
1237 1890 1433 1948 visum
1465 1899 1559 1948 est
1582 1889 1671 1948 illi
1701 1890 1968 1950 Arabica

226 1989 359 2048 haec
416 1987 703 2047 inserere.
821 1986 984 2045 Nam
1048 1984 1526 2066 progressionis
1571 1985 1972 2066 geometrieae

228 2080 588 2164 exemplum,
608 2081 827 2160 inquit,
861 2080 1123 2162 elegans
1154 2088 1269 2152 est,
1290 2088 1350 2139 et
1373 2087 1674 2139 vetustum
1704 2089 1766 2140 et
1786 2081 1974 2159 forte

229 2177 486 2237 omnium
513 2177 805 2257 primum.
895 2175 1260 2236 Ostenditur
1291 2185 1498 2235 autem
1542 2175 1660 2235 hoc
1692 2175 1970 2254 exemplo

227 2273 292 2332 in
336 2293 519 2352 quam
566 2273 894 2331 immanem
929 2291 1228 2331 summam
1269 2291 1380 2351 per
1427 2291 1652 2350 paucas
1698 2270 1970 2350 duplica-

227 2368 425 2428 tiones
457 2368 753 2427 excrescit
782 2368 1006 2426 unitas.

313 2463 394 2522 A.
441 2462 802 2523 Ostenditur
847 2477 1147 2541 praeterea
1197 2461 1418 2541 legisse
1466 2461 1639 2520 illum
1685 2460 1972 2520 Edwardi

227 2557 409 2637 primi
465 2565 785 2631 statutum,
834 2557 912 2617 de
971 2558 1274 2617 mensuris
1328 2556 1730 2638 AnglieaniS,
1771 2565 1840 2616 ut
1898 2577 1971 2615 eo

228 2653 598 2732 transcripto
649 2653 962 2713 videretur
1013 2653 1198 2712 etiam
1256 2652 1491 2732 peritus
1535 2651 1711 2731 juris
1810 2652 1971 2710 Nam

229 2747 453 2825 absque
499 2747 613 2821 his,
663 2767 797 2826 quae
845 2747 921 2807 ad
981 2747 1302 2807 scientiam
1354 2747 1762 2806 arithmeticae
1819 2746 1972 2805 nihil

229 2841 557 2918 pertinent,
589 2852 774 2921 caput
798 2843 915 2902 hoc
946 2842 1321 2902 tricesimum
1347 2843 1615 2921 primum
1635 2841 1735 2901 vix
1777 2842 1973 2901 conti-

230 2945 403 2995 neret
422 2935 572 2996 duas
601 2938 874 3016 paginas,

315 3027 392 3087 Β.
439 3030 614 3090 Datis
644 3033 920 3092 terminis
949 3034 1149 3112 primo
1183 3043 1245 3092 et
1267 3033 1504 3106 ultimO,
1538 3033 1845 3111 quomodo
1879 3033 1973 3091 in-

234 3123 494 3197 venitur,
556 3146 735 3204 quem
809 3128 942 3207 quis
1005 3129 1366 3207 postularet,
1429 3128 1727 3187 terminus
1785 3129 1972 3187 inter-

233 3216 514 3277 medius?

320 3311 375 3370 Α
386 3357 398 3369 .
444 3311 607 3372 Dato
639 3314 886 3392 quidem
913 3335 1169 3376 numero
1209 3317 1632 3389 terminorum,
1662 3315 1968 3375 facillime.

237 3405 458 3466 Divido
486 3406 648 3465 enim
671 3408 952 3468 ultimum
981 3430 1092 3488 per
1114 3411 1400 3490 primum,
1434 3421 1496 3470 et
1528 3411 1808 3489 quotiens
1853 3408 1970 3466 erit

231 3509 510 3578 potestas
543 3500 744 3579 aliqua
791 3522 865 3562 ex
905 3504 1414 3574 ascendentibus3
1458 3524 1698 3583 nempe,
1731 3503 1781 3561 si
1826 3501 1968 3559 ulti-

235 3614 374 3654 mus
427 3595 535 3654 fiat
582 3615 619 3655 a
660 3595 1166 3675 multiplicatione
1215 3599 1499 3678 quadrati
1539 3599 1602 3657 in
1643 3597 1972 3658 terminum
