2462 4120
643 333 718 395 78
998 348 1442 391 EXAMINATm
1477 350 1560 390 ET
1595 351 2004 392 EMENDATIO

329 508 579 540 mALocus
640 483 898 542 metrica
954 485 1186 544 rationi
1238 486 1626 567 geometriae
1683 487 1897 546 eadem
1953 497 2066 561 est,
2125 488 2367 567 quando

430 575 481 606 Π·
639 597 828 636 causa
858 577 1073 657 aliqua
1100 580 1312 639 eadem
1342 579 1672 658 cequalibus
1703 581 2071 660 temporibus
2098 582 2366 661 aequalia

613 671 899 750 faciem,
928 673 1226 732 rationem
1254 682 1579 752 utramque
1609 673 1995 735 determinat,

721 766 802 825 A.
847 765 1138 826 Definitio
1170 788 1312 827 sane
1335 768 1465 826 haec
1491 769 1943 829 accuratissima
1973 780 2086 843 est,
2110 790 2364 848 genera-

636 859 987 941 tionemque
1039 862 1448 940 proportionis
1498 862 1671 940 quasi
1720 872 1862 923 ante
1914 866 2119 924 oculos
2170 865 2362 943 ponit.

639 954 759 1014 Sed
786 956 1087 1028 EuclideS,
1118 976 1228 1034 per
1258 975 1427 1015 suam
1456 956 1839 1034 hypothesin,
1869 958 2178 1018 rationum
2218 959 2363 1018 doc-

634 1049 858 1109 trinam
876 1051 939 1108 in
957 1051 1273 1110 Elemento
1295 1051 1508 1129 quinto
1530 1050 1886 1109 solidissime
1907 1051 2361 1111 demonstravit.

634 1144 812 1202 Anne
856 1144 1219 1203 tantundem
1267 1144 1414 1204 fecit
1461 1144 1742 1203 Hobbius
1790 1163 1899 1222 per
1950 1145 2360 1205 definitionem

635 1237 849 1296 suam?

717 1331 799 1392 B.
830 1332 1286 1392 Demonstravit
1308 1353 1433 1392 non
1451 1332 1634 1392 modo
1654 1332 1897 1392 easdem
1917 1332 2361 1411 propositiones

633 1447 781 1506 quas
809 1427 1110 1500 EuclideS,
1143 1427 1250 1486 sed
1275 1428 1458 1486 etiam
1482 1428 1806 1487 nonnullas
1837 1427 1984 1487 alias
2013 1447 2138 1487 non
2162 1426 2360 1487 minus

633 1520 923 1593 difficiles,
968 1540 1046 1579 ne
1091 1520 1334 1599 quidem
1379 1520 1652 1580 Wallisio
1702 1521 1835 1600 ipso
1879 1520 2357 1580 contradicente.

632 1615 794 1674 Nam
844 1614 961 1673 hoc
1014 1614 1210 1673 solum
1257 1614 1331 1673 de
1381 1613 1500 1673 illis
1555 1614 1941 1692 pronunciat,
1999 1634 2116 1674 non
2159 1613 2362 1674 videri

629 1708 829 1789 ipsius
857 1728 1011 1767 esse.

714 1802 794 1862 A.
842 1803 914 1862 Id
963 1812 1075 1874 est,
1134 1801 1311 1861 simul
1364 1811 1426 1861 et
1475 1801 1686 1861 laudat
1738 1811 1802 1861 et
1850 1801 2102 1862 invidet.
2192 1800 2360 1863 Quid

630 1897 843 1956 scribis
872 1897 936 1956 in
964 1896 1361 1975 pugillaribus
1388 1895 1407 1954 ?

710 1988 789 2049 B.
835 1990 999 2050 Noto
1052 1989 1217 2069 quod
1265 1990 1327 2048 in
1381 1989 1593 2049 Graeco
1643 2009 1754 2067 pro
1804 1988 2237 2067 multiplicibus
2280 1988 2357 2047 ab

628 2084 881 2144 Euclide
929 2084 1151 2143 dicitur
1195 2095 1542 2151 πολλαπλάσια,
1592 2094 1654 2141 et
1700 2103 1812 2162 pro
1852 2082 2358 2161 multiplicatione

626 2188 1083 2251 πολλαπλασιασμὸς.
1172 2177 1330 2237 Nam
1381 2184 1679 2249 (ἀναλόγως)
1725 2185 2058 2250 διπλασιασμὸς
2110 2176 2359 2236 deberet

627 2272 783 2332 VCI‘tl
832 2271 1196 2352 dupZicatiO,
1243 2280 1305 2331 et
1355 2281 1611 2342 ὃιπλασιὸς,
1663 2269 1821 2329 Sicut
1869 2280 1930 2330 et
1991 2279 2244 2330 διπλασίων
2295 2279 2358 2331 et

628 2375 995 2438 διπλασιασὲεὶς,
1026 2365 1244 2443 duplus
1274 2365 1369 2425 vel
1399 2365 1757 2443 duplicatus.

707 2460 788 2520 A.
838 2459 1004 2521 Quid
1032 2460 1225 2538 ergo?

707 2555 788 2614 B.
838 2554 1130 2632 Magnam
1181 2552 1329 2611 facit
1377 2551 1686 2610 Wallisius
1737 2550 2141 2610 differentiam
2196 2550 2355 2610 inter

623 2650 943 2720 rationem,
983 2647 1230 2726 duplam
1270 2657 1331 2705 et
1363 2646 1750 2724 duplicatam,
1792 2644 2038 2722 triplam
2068 2653 2130 2702 et
2159 2644 2355 2722 tripli-

623 2755 844 2818 catam,
874 2753 1014 2816 etc.,
1050 2752 1180 2801 tum
1210 2741 1275 2800 in
1306 2739 1579 2800 Elenclzo
1609 2748 1823 2798 contra
1855 2738 2189 2811 Hobbium,
2222 2748 2353 2797 tum

623 2840 687 2899 in
716 2846 986 2898 tractatu
1013 2835 1369 2895 Elenchtico
1400 2842 1615 2893 contra
1643 2832 2080 2911 Meybomium.

706 2934 785 2992 A.
832 2934 1032 2992 Tanto
1062 2939 1154 2990 est
1183 2929 1508 2988 indoctior.
1596 2927 1717 2987 Sed
1747 2947 1861 3006 ego
1892 2926 2004 2986 tibi
2033 2925 2350 3004 negotium

622 3028 773 3089 illud
814 3027 994 3086 facile
1037 3023 1351 3103 expedibo.
1417 3021 1701 3081 Euclides
1746 3021 1908 3080 enim
1938 3019 2191 3080 vocibus
2231 3019 2351 3078 illis

621 3133 861 3185 διπλασιὸς
891 3131 955 3181 et
992 3128 1242 3177 διπλασίων
1280 3137 1392 3196 pro
1423 3116 1636 3175 eadem
1663 3135 1730 3174 re
1760 3114 2101 3194 promiscue
2130 3113 2348 3185 utitur,

620 3222 777 3282 sicut
823 3214 1026 3276 Latini
1069 3212 1253 3290 vulgo
1299 3209 1548 3290 duplum
1593 3218 1654 3269 et
1697 3207 2095 3289 duplicatum.
2181 3207 2348 3267 Voce

618 3322 883 3379 διπλασίων,
936 3308 1119 3368 etiam
1169 3306 1233 3364 in
1278 3303 1773 3383 proportionibus
1824 3303 2020 3362 utitur
2065 3301 2348 3361 Euclides

615 3429 726 3490 pro
772 3403 974 3482 dupla.
1073 3401 1235 3478 Lege
1284 3397 1712 3477 propositionis
1763 3396 1994 3456 ultimae
2044 3395 2347 3456 Elementi

615 3502 763 3563 noni
791 3507 1029 3560 textum
1066 3494 1363 3555 Graecum.

700 3597 781 3657 B.
826 3604 908 3651 ἐὰν
942 3600 1033 3649 ἀπὸ
1063 3597 1262 3661 μονάδος
1300 3599 1538 3645 ὁποσοιοῦν
1572 3598 1751 3660 ἄριθμοι
1793 3595 1890 3652 ἑξῆς
1935 3596 2166 3643 ἐκτεθῶσιν
2209 3593 2260 3641 ἐν
2289 3597 2345 3658 τῇ
