2462 4120
525 374 646 427 220
885 388 1327 430 EXAMINATIO
1363 390 1446 431 ET
1481 391 1888 432 EMENDATIO

208 542 457 576 mALocns
523 517 572 576 F
577 547 609 575 σ
640 520 717 579 sit
746 521 824 580 ad
853 524 1144 602 reliquam
1168 536 1238 584 ut
1263 533 1296 584 5
1324 525 1401 584 ad
1427 534 1482 599 3,
1509 538 1577 586 ut
1607 528 1675 586 fit
1696 528 1757 586 in
1779 528 2241 606 semiparabola3

297 610 362 642 v1.
521 634 634 672 nec
665 616 905 688 mirum,
937 638 1076 677 cum
1114 620 1268 678 ratio
1304 621 1478 679 solidi
1517 623 1809 700 propositi
1839 623 1916 681 sit
1947 622 2025 681 ad
2069 642 2243 682 suum

519 710 1031 786 complementum
1062 714 1271 772 eadem
1296 734 1428 792 quae
1458 715 1624 792 plani
1655 717 2135 794 semiparabolici
2163 718 2242 776 ad

518 806 1026 882 complementum
1051 827 1243 866 suum.
1320 809 1622 867 Caeterum
1653 808 1772 868 BD
1796 830 1920 869 non
1951 810 2242 870 dividitur

515 897 579 956 in
612 906 648 956 3
679 900 757 958 ad
787 908 845 971 2,
889 912 958 959 ut
1008 901 1301 960 diameter
1360 903 1836 979 semiparabolae.
1921 904 2105 983 Cujus
2150 905 2240 964 rei

515 1013 758 1052 causam
789 1015 912 1053 non
942 995 1140 1053 video,

598 1088 678 1147 A.
725 1089 942 1167 Neque
974 1109 1122 1166 ego;
1170 1088 1274 1147 sed
1306 1109 1499 1166 neque
1525 1108 1711 1165 quare
1735 1090 1820 1147 ita
1844 1109 1973 1148 esse
1998 1091 2234 1150 debeat.

511 1182 604 1239 Ex
633 1182 726 1254 iis,
760 1203 896 1259 quae
941 1182 1354 1240 demonstrata
1384 1191 1525 1239 sunt
1556 1181 1630 1239 de
1678 1183 1910 1241 ratione
1941 1185 2237 1261 propositi

512 1277 706 1349 solidi,
731 1277 877 1336 facti
907 1297 942 1334 a
972 1275 1363 1334 conversione
1403 1275 1531 1351 ejus
1562 1275 1723 1332 circa
1752 1275 1958 1333 basem
1987 1275 2035 1333 F
2049 1275 2126 1347 D,
2156 1278 2236 1336 ad

511 1371 772 1430 solidum
791 1371 1019 1429 factum
1039 1389 1074 1426 a
1104 1368 1282 1427 simili
1306 1368 1701 1426 conversione
1731 1369 2068 1447 rectanguli
2089 1368 2232 1444 DG,

508 1475 570 1523 et
602 1465 676 1523 de
707 1465 929 1523 centris
959 1463 1274 1542 gravitatis
1311 1462 1598 1540 ipsorum,
1631 1462 1951 1522 methodus
1981 1474 2233 1542 apparet

504 1559 852 1618 inveniendi
870 1559 1170 1618 rationem
1202 1556 1378 1615 solidi
1397 1557 1545 1615 sacti
1564 1577 1598 1615 a
1618 1559 2012 1617 conversione
2036 1560 2232 1637 cujus·

501 1654 651 1712 libet
680 1654 869 1731 partis
901 1654 1028 1730 ejus
1059 1652 1338 1710 abscissae
1363 1671 1398 1710 a
1415 1651 1703 1729 parallela
1722 1652 2058 1712 altitudinis
2083 1674 2228 1732 qua-

501 1767 759 1825 cunque.
848 1747 1008 1805 Nam
1056 1745 1106 1804 si
1145 1745 1391 1823 planum
1444 1745 1793 1823 cycloidale,
1843 1747 2015 1824 cujus
2067 1747 2227 1807 basis

504 1841 790 1919 (exempli
820 1842 1025 1914 causa)
1062 1850 1155 1898 est
1187 1839 1242 1896 A
1236 1837 1307 1917 fi
1353 1849 1744 1896 convertatur
1791 1859 1970 1917 super
2020 1841 2226 1900 basem

497 1955 668 1993 suam
698 1935 753 1993 Α
748 1934 819 2013 f,
863 1943 1032 1993 recta
1055 1933 1300 2012 quidem
1330 1933 1446 1991 AB
1479 1932 1779 1992 describet
1823 1934 2224 2011 quadrantem

494 2029 819 2106 integrum,
866 2028 1114 2106 reliquae
1157 2036 1360 2085 autem
1392 2025 1506 2103 ipsi
1547 2026 1849 2103 parallelae
1881 2027 2223 2088 describent

491 2143 667 2182 arcus
699 2122 1104 2201 quadrantum
1131 2122 1394 2179 minores
1426 2139 1662 2198 semper
1681 2120 1742 2178 in
1769 2122 2004 2180 ratione
2035 2122 2223 2182 arith-

487 2218 730 2290 metica,
763 2217 956 2276 donec
1003 2216 1067 2274 in
1111 2223 1338 2293 puncto
1363 2213 1430 2292 f
1455 2214 1831 2273 describatur
1872 2215 2042 2275 nihil.
2127 2218 2220 2276 Ex

488 2332 627 2390 qu0‚
652 2323 720 2371 ut
744 2321 905 2383 ante,
927 2311 1221 2369 inferetur
1240 2308 1496 2368 solidum
1518 2308 1749 2366 factum
1768 2329 1804 2368 a
1827 2311 2217 2370 conversione

483 2406 652 2484 plani
693 2405 1043 2484 cycloidalis
1085 2404 1200 2463 AB
1197 2403 1263 2483 f
1307 2422 1486 2480 super
1534 2404 1740 2461 basem
1791 2405 1843 2462 Α
1841 2403 1913 2482 f,
1967 2404 2216 2482 duplum

485 2520 615 2559 esse
649 2501 826 2559 solidi
871 2499 1034 2578 quod
1074 2499 1144 2557 fit
1174 2518 1209 2556 a
1256 2496 1435 2555 simili
1486 2497 1878 2555 conversione
1927 2499 2215 2576 trianguli

459 2594 526 2672 f
535 2595 590 2652 A
604 2594 674 2652 B.
763 2593 1158 2670 Cognitisque
1188 2588 1676 2667 magnitudinum
1719 2589 2076 2664 rationibuS,
2122 2593 2214 2651 in-

482 2688 824 2760 venientur,
857 2696 926 2746 ut
956 2696 1118 2756 ante,
1151 2703 1361 2743 eorum
1392 2692 1602 2742 centra
1630 2684 1968 2761 gravitatis,

1050 2869 1462 2912 PROPOSITIO
1497 2870 1650 2910 XXI.

568 2969 840 3028 Solidum
886 2968 1115 3050 factum
1158 2987 1194 3025 a
1240 2966 1635 3026 conversione
1693 2969 2036 3047 rectanguli
2083 2968 2213 3031 DG

479 3083 590 3142 per
638 3063 1038 3141 quadrantem
1086 3060 1315 3132 circuli,
1370 3059 1531 3118 circa
1585 3060 1949 3120 diametrum
1999 3063 2211 3122 circuli

480 3158 774 3236 genitoris
834 3155 974 3228 DB,
1029 3156 1193 3232 (quae
1242 3165 1334 3212 est
1382 3154 1639 3231 cylindri
1693 3156 1880 3215 totius
1932 3157 2018 3215 sic
2063 3157 2210 3216 facti

481 3251 789 3326 altitudo),
849 3261 939 3308 est
990 3249 1066 3307 ad
1125 3248 1384 3307 solidum
1436 3248 1667 3307 factum
1719 3270 1756 3308 a
1814 3251 2208 3310 conversione

481 3346 751 3425 ejusdem
783 3342 1121 3421 rectanguli
1151 3339 1276 3402 DG
1303 3342 1466 3400 circa
1487 3352 1718 3401 rectam
1745 3342 1886 3416 DF,
1924 3344 2083 3422 (quae
2114 3353 2206 3403 est

481 3439 740 3519 cylindri
770 3439 947 3516 hujus
976 3436 1286 3512 altitudo),
1331 3444 1399 3495 ut
1443 3435 1560 3494 DF
1607 3437 1685 3496 ad
1731 3437 1891 3496 illius
1933 3437 2206 3496 altitudi-

478 3554 620 3592 nem
650 3531 790 3592 DB.

565 3628 722 3686 Sunt
751 3626 909 3685 enim
944 3623 1200 3704 cylindri
1229 3624 1386 3684 inter
1417 3643 1479 3682 se
1509 3624 1570 3682 in
1602 3624 1837 3683 ratione
1868 3623 2203 3702 composita
