2522 4152
267 550 517 583 DIALOGUS

373 618 403 649 1.

269 675 502 702 bqr—d

574 379 611 430 6
927 390 1373 435 EXAMINATIO
1409 394 1492 434 ET
1523 394 1934 439 EMENDATIO

655 527 731 587 A.
779 527 901 587 Cur
926 547 1071 607 ergo
1102 530 1166 589 in
1195 530 1289 590 his
1318 532 1510 610 magis
1542 553 1723 610 quam
1753 534 1817 592 in
1845 534 1963 593 illis
1993 532 2297 593 desideras

571 622 911 702 principia?
996 624 1094 683 An
1119 625 1169 683 si
1191 635 1643 686 assumerentur
1670 628 1733 686 in
1755 629 2038 707 physicis,
2063 629 2297 700 ethiciS,

574 725 637 776 et
658 716 925 794 politicis
953 717 1259 795 postulata
1286 719 1751 798 petitionesque,
1774 721 1930 780 sicut
1949 722 2012 780 in
2030 721 2300 781 Euclidis

573 810 905 870 Elementis
937 812 1327 886 Geometriae,
1370 833 1523 873 eone
1552 815 1852 875 firmiores
1885 816 2016 875 fore
2050 815 2302 875 demon-

575 905 899 964 strationes
939 924 1070 965 esse
1104 906 1391 985 judicas?
1479 909 1543 967 Si
1572 909 1659 968 ita
1682 910 1938 987 judicaS,
1980 921 2110 970 toto
2147 911 2301 970 coelo

576 1018 761 1058 erraS.
850 999 1006 1058 Sunt
1037 1000 1197 1058 enim
1227 1021 1298 1060 eo
1327 1001 1708 1061 infirmiores
1801 1003 2108 1082 Quicquid
2139 1005 2303 1065 enim

577 1093 904 1153 assumitur
931 1095 1227 1172 precariO,
1258 1106 1540 1154 naturam
1562 1096 1724 1155 tollit
1749 1097 2302 1158 demonstrationis

660 1185 737 1246 B.
784 1187 1066 1265 Intelligo
1089 1188 1216 1265 jam
1247 1188 1392 1266 quid
1422 1188 1748 1247 dicendum
1780 1199 1909 1249 erat
1932 1190 2225 1263 Wallisio,
2255 1191 2306 1251 si

578 1282 941 1341 sententiam
964 1302 1133 1340 suam
1156 1291 1355 1356 ἀκριβῶς
1378 1283 1671 1342 voluisset
1695 1284 1997 1362 explicare
2018 1311 2032 1354 3
2065 1305 2304 1364 nempe,

579 1376 897 1435 scientiam
927 1396 1110 1435 unam
1152 1376 1343 1435 altera
1371 1396 1568 1454 neque
1597 1378 1918 1448 veriorem,
1957 1398 2157 1457 neque
2187 1380 2305 1438 evi-

581 1470 923 1530 dentiorem
954 1490 1103 1543 esse,
1144 1470 1253 1529 sed
1282 1470 1561 1530 doctores
1592 1471 1777 1530 alium
1807 1472 1925 1532 alio
1954 1473 2307 1551 peritiorem

582 1584 732 1638 esse,
764 1564 828 1623 id
858 1574 970 1637 est,
1001 1564 1317 1624 veritatem
1349 1565 1542 1644 magis
1572 1566 1935 1645 intelligere,
1959 1567 2176 1626 melius
2206 1566 2310 1626 de-

582 1669 943 1731 monstrare,
991 1679 1026 1718 a
1061 1659 1230 1718 tricis
1259 1660 1584 1719 verborum
1619 1660 1835 1720 melius
1875 1681 2108 1735 cavere,
2153 1670 2217 1720 et
2245 1661 2309 1720 in

582 1754 714 1813 illas
747 1753 796 1812 si
819 1753 977 1811 forte
999 1752 1248 1825 incidat,
1272 1753 1508 1812 facilius
1540 1773 1602 1812 se
1626 1753 1769 1812 inde
1794 1754 2092 1814 extricare
2113 1774 2309 1834 posse.

666 1847 746 1907 A.
793 1847 849 1904 V
843 1847 907 1905 im
935 1846 1073 1905 item
1103 1855 1338 1906 maturo
1366 1847 1572 1928 magis
1586 1847 1832 1925 judicio
1862 1849 2167 1929 quispiam
2196 1858 2310 1921 est,

587 1963 762 2021 quarn
803 1941 900 2019 qui
937 1940 1114 1999 rebus
1158 1941 1324 2000 hisce
1351 1942 1698 2014 emercitati,
1739 1942 1839 2002 vel
1876 1942 2313 2023 sophismatum

562 2033 1164 2113 fallaciasselicius
1194 2034 1467 2115 deteget,
1498 2034 1596 2094 vel
1622 2034 2120 2116 syllogismorum
2147 2038 2315 2096 vires

569 2129 922 2206 justamque
963 2128 1268 2207 sequelam
1312 2131 1919 2208 assequetur.—Hoc
1956 2131 2202 2210 quidem
2237 2131 2313 2191 de

588 2222 931 2281 exercitatis
961 2223 1024 2281 in
1047 2224 1226 2282 rebus
1248 2224 1412 2302 ipsis,
1437 2244 1685 2293 verum3
1732 2224 1840 2284 sed
1866 2225 1941 2284 de
1964 2226 2314 2286 exercitatis

587 2317 651 2375 in
680 2317 867 2389 libris,
898 2317 1134 2377 falsum.
1286 2384 1297 2397 ,

671 2410 752 2470 Β.
797 2411 1088 2489 Exemplo
1129 2431 1256 2471 esse
1295 2422 1498 2491 potest
1535 2412 1664 2491 ipse
1698 2412 2025 2473 Wallisius.
2112 2413 2316 2493 Atque

589 2505 722 2564 haec
770 2505 1027 2564 sufficiat
1070 2514 1313 2565 notasse
1358 2506 1422 2565 in
1468 2507 1744 2566 oratione
1790 2507 2155 2586 inaugurali,
2199 2508 2316 2567 nisi

593 2597 757 2677 quod
773 2599 1084 2676 praeterire
1103 2620 1227 2659 nou
1244 2620 1492 2679 possum
1509 2601 1698 2660 verba
1715 2601 1875 2661 illius
1898 2601 2325 2672 haec—Quod

593 2712 709 2772 ego
732 2692 974 2751 interim
1000 2713 1115 2752 non
1126 2694 1484 2773 proforrna
1512 2702 1742 2753 tantum
1767 2695 2176 2775 opta—Nam
2187 2715 2317 2776 pro

570 2787 797 2866 forma
842 2806 960 2845 vox
1007 2796 1098 2845 est
1144 2787 1522 2859 scholastica,
1572 2808 1697 2848 non
1737 2789 1974 2849 Latina.
2061 2789 2319 2868 Reliqua

596 2900 734 2958 quae
763 2880 1076 2940 summisse
1105 2881 1244 2959 legi,
1275 2882 1571 2961 vulgaria,
1600 2883 1745 2942 vilia
1788 2903 1917 2944 esse
1958 2883 2135 2944 facile
2179 2904 2319 2943 cum

594 2974 838 3052 legebas
883 2974 1010 3052 ipse
1057 2975 1557 3036 animadvertisti.
1645 2978 2047 3038 Transeamus
2078 2979 2207 3057 jam
2241 2977 2321 3038 ad

596 3067 933 3146 Epistolam
963 3068 1434 3130 Dedicatoriam.

681 3160 759 3221 A.
810 3161 956 3220 Cum
996 3183 1127 3240 quoe
1172 3164 1234 3221 in
1261 3164 1575 3243 publicum
1608 3166 1943 3246 prodeant,
1984 3187 2111 3247 pro
2155 3186 2323 3227 more

600 3255 860 3328 scilicet,
893 3276 1077 3335 eoque
1105 3257 1264 3316 satis
1293 3257 1650 3332 inveterata,
1687 3261 1990 3321 nonnullis
2019 3261 2323 3342 inscripta

601 3349 838 3408 soleant
853 3350 1372 3430 procura—Non
1395 3352 1667 3431 intelligo
1690 3354 1843 3414 haec.
1928 3356 2027 3416 An
2050 3355 2151 3414 ille
2174 3356 2321 3434 ipse,

604 3444 840 3523 quoties
886 3444 951 3503 in
1000 3444 1309 3523 publicum
1358 3446 1582 3523 prodit,
1625 3447 1952 3526 inscriptus
2007 3450 2318 3526 (ἐστι’γμενος)

601 3538 806 3616 prodit
830 3537 850 3596 P

684 3633 764 3692 B.
810 3632 907 3692 Ad
949 3653 1161 3693 vocem
1201 3633 1365 3692 illam
1402 3634 1722 3693 relativum
1770 3657 1918 3714 quce,
1961 3634 2323 3695 subaudien-

602 3726 746 3786 dum
778 3735 869 3786 est
897 3746 1007 3805 pro
1038 3727 1454 3798 antecedente,
1483 3747 1608 3788 non
1638 3729 1858 3803 omnia,
1888 3729 1994 3790 sed
2016 3729 2280 3808 scripta.
