2462 4120
599 362 711 414 118
951 374 1396 419 EXAMINATio
1430 378 1514 419 ET
1546 379 1954 422 EMENDATIO

277 531 525 630 1>1AIL3G1JS
672 512 754 571 B.
803 511 1010 574 Socios
1040 514 1317 594 adjungit
1337 516 1581 574 Hobbio
1613 536 1736 575 non
1765 518 2077 596 ignobiles,

283 655 517 682 ,ηρ-κ
675 605 754 665 A.
802 606 922 666 Sed
952 610 1095 687 quid
1118 611 1301 668 habet
1330 610 1458 687 ipse
1487 610 1795 670 Wallisius
1820 612 1894 671 de
1922 611 2307 692 quadratura

591 700 812 760 circuli
840 701 904 761 in
927 722 1034 763 sua
1065 703 1476 763 Arithmetiea
1505 702 1905 780 Infinitorum.

670 794 752 853 B.
797 795 909 867 Tu,
941 796 990 854 si
1008 797 1189 867 voles,
1219 795 1488 864 videbis;
1533 815 1676 855 nam
1699 798 1947 857 afferam
1977 797 2088 857 tibi
2125 795 2308 857 etiam

588 888 758 947 illum
796 889 1035 965 librum,
1059 899 1381 969 postquam
1426 890 1590 949 huno
1638 893 2094 965 excusserimuS,
2125 909 2307 950 exou-

589 982 884 1043 tiendum.

674 1078 753 1137 A.
801 1078 998 1156 Caput
1027 1097 1165 1137 xxv.
1200 1085 1292 1135 est
1314 1076 1388 1135 de
1416 1077 1829 1156 quantitatum
1860 1077 2111 1137 invicem
2155 1097 2308 1136 com-

579 1172 924 1250 paratione
962 1171 1171 1251 quoad
1195 1170 1627 1248 afferentium,
1653 1179 1714 1230 et
1741 1171 1951 1250 quoad
1974 1170 2270 1229 rationem
2287 1193 2309 1229 .·

589 1265 654 1324 id
677 1275 789 1339 est,
820 1275 889 1326 ut
918 1266 1097 1344 vulgo
1127 1265 1451 1342 loquimur,
1476 1264 1550 1323 de
1572 1265 1906 1323 rationibus
1929 1263 2313 1324 arithmetica

591 1368 652 1418 et
681 1360 1070 1438 geometrica.
1158 1359 1322 1418 Dicit
1351 1368 1558 1418 autem
1587 1358 1900 1418 sciendum
1941 1376 2071 1417 esse
2121 1378 2312 1436 quan-

588 1453 792 1513 titates
821 1473 942 1513 non
972 1453 1090 1511 nisi
1117 1453 1524 1531 homogeneas
1554 1453 1991 1532 comparandas
2036 1472 2166 1512 esse
2191 1479 2207 1522 ;
2251 1461 2314 1512 et

589 1547 707 1607 hoc
737 1547 980 1626 quidem
1011 1556 1198 1605 recte.
1286 1547 1522 1606 Deinde
1558 1548 1892 1626 subjungit,
1923 1547 1982 1606 si
2025 1546 2162 1626 quis
2207 1567 2311 1606 au-

591 1648 709 1699 tem
732 1639 1371 1719 contrariumfecerit,
1390 1649 1574 1721 puta,
1600 1642 1765 1701 datoe
1784 1641 1956 1701 linea>
1986 1641 2076 1700 ad
2099 1640 2312 1699 datam

590 1735 996 1814 superficiem,
1054 1734 1155 1794 vel
1222 1736 1511 1814 temporis
1570 1736 1661 1794 ad
1719 1735 1956 1807 lineam,
2015 1735 2312 1794 rationem

592 1828 922 1907 inquiram,
955 1828 1116 1888 idem
1146 1829 1267 1888 erit
1295 1850 1371 1888 ac·
1399 1829 1456 1887 .ςί
1479 1829 1826 1908 quaesiverit
1855 1836 2143 1909 quantum
2173 1836 2311 1887 tem-

578 1921 765 2001 poris
796 1930 1071 2001 oequetur
1095 1922 1288 1982 lineae.

673 2013 750 2075 B.
795 2015 1052 2074 Videtur
1074 2017 1173 2075 hio
1205 2025 1482 2095 repetere
1512 2016 1662 2075 illud
1693 2017 1853 2096 quod
1886 2015 2131 2076 Hobbio
2169 2024 2313 2076 ante

592 2109 915 2187 objecerat,
947 2110 1109 2187 quod
1140 2110 1545 2189 quantitatem
1574 2111 1865 2190 temporis
1909 2130 2048 2169 oum
2072 2111 2313 2189 quanti-

591 2212 719 2262 tate
748 2203 921 2262 lineae
951 2205 1414 2283 comparaverit.

676 2297 754 2356 A.
801 2298 1099 2358 Praetereo
1128 2299 1546 2378 loquutionem
1575 2299 1740 2358 illam
1779 2300 2121 2372 barbaram,
2152 2298 2314 2358 idem

592 2391 716 2451 erit
761 2402 877 2451 eto.
966 2393 1086 2452 Sed
1125 2414 1163 2453 a
1207 2403 1269 2452 te
1317 2413 1543 2471 quaerO,
1575 2404 1780 2453 utrum
1827 2394 1990 2453 idem
2030 2394 2109 2454 sit
2147 2412 2311 2472 quae-

591 2506 725 2545 rere
756 2506 935 2564 quam
964 2488 1262 2547 rationem
1307 2487 1492 2547 habet
1542 2489 1849 2566 quantitas
1900 2488 2191 2567 temporis
2235 2485 2315 2546 ad

592 2581 994 2659 quantitatem
1022 2581 1219 2655 lineae,
1240 2590 1302 2640 et
1350 2600 1619 2658 quaerere
1667 2591 1962 2660 quantum
2011 2581 2305 2661 temporis

593 2684 871 2754 aequatur
899 2674 1093 2735 lineae.

675 2768 755 2828 B.
802 2769 972 2828 Puto.

671 2863 753 2921 A.
801 2862 1125 2929 Quantitas
1156 2863 1464 2942 temporis,
1497 2862 1642 2941 quid
1671 2862 1807 2922 est?

675 2957 756 3016 B.
802 2957 1021 3017 Nonne
1049 2958 1247 3036 ipsum
1279 2968 1517 3037 tempus
1548 2957 2018 3017 determinatum
2045 2957 2066 3015 ?

675 3051 756 3110 A.
801 3051 878 3110 Et
909 3053 1211 3129 quantitas
1239 3052 1475 3131 lapidis,
1508 3051 1653 3130 quid
1684 3050 1818 3111 est?

676 3146 756 3205 B.
802 3146 945 3204 Non
976 3155 1067 3206 est
1094 3147 1583 3225 respondendum
1599 3166 1762 3206 nuno
1780 3155 1848 3206 ut
1865 3146 2054 3226 priuS,
2071 3165 2310 3224 nempe,

592 3260 720 3301 esse
748 3241 946 3319 ipsum
974 3241 1236 3319 lapidem
1266 3242 1756 3301 determinatum.

671 3335 751 3395 A.
797 3335 1049 3414 Refugis
1079 3337 1308 3396 scilieet
1337 3335 1774 3396 absurditatem
1805 3335 1972 3407 dicti,
2005 3333 2171 3415 lapis
2217 3341 2312 3393 est

592 3431 920 3510 quantitas,
1007 3431 1296 3490 Attamen
1345 3451 1469 3491 non
1527 3432 1724 3490 minus
1781 3429 2039 3489 absurde
2091 3427 2315 3488 dicitur

591 3538 829 3604 tempus
852 3545 979 3584 esse
1011 3526 1432 3603 quantitatem.

677 3620 756 3680 B.
794 3619 958 3680 Quid
987 3620 1072 3678 ita
1097 3619 1115 3677 ἓ
1179 3619 1334 3678 Cum
1363 3620 1426 3678 in
1448 3618 1921 3699 praedicamento
1953 3615 2310 3695 quantitatis

591 3721 825 3793 tempus
857 3714 953 3787 sit,
985 3712 1153 3792 lapis
1183 3733 1307 3772 non
1341 3713 1439 3773 sit.
