2462 4120
522 368 637 422 512
979 381 1452 429 QUADRATURA
1486 383 1787 436 cchtJLi,

166 543 235 576 An
256 517 685 596 PROP.V11.qUOd
726 527 866 578 ante
910 538 1034 577 non
1076 520 1256 579 modo
1287 521 1596 581 confessus
1639 530 1789 593 erat,
1821 519 1926 579 sed
1957 519 2145 580 etiam.
2178 519 2242 578 in

211 602 447 629 κ--Ὑ-κ

519 612 959 688 objectionibus
980 612 1102 672 suis
1121 613 1199 672 ad
1211 614 1485 692 quintam
1503 613 1979 693 propositionem
1992 612 2250 672 demon-2

519 713 850 764 straverat:
896 706 1202 780 nimirum,
1247 708 1347 777 Ze,
1392 708 1501 779 hL,
1531 707 1620 780 eb,
1658 716 1719 767 et
1761 707 2016 785 proinde
2059 707 2243 765 etiam

518 798 629 870 Ae,
674 799 800 870 AL,
847 798 957 872 Ab,
1003 819 1130 859 esse
1176 801 1463 859 continue
1506 801 2013 878 proportionales,
2100 799 2243 858 Non

517 892 723 970 potuit
767 893 927 952 enim
967 913 1091 952 non
1119 893 1323 952 videre
1355 894 1716 971 quadratum
1746 895 1820 952 ab
1854 894 1977 966 AL,
2010 893 2135 952 sive
2164 894 2241 952 ab

518 986 645 1059 AC,
686 986 764 1045 ad
795 987 1157 1065 quadratum
1187 989 1263 1046 ab
1295 987 1406 1045 AY
1437 987 1561 1045 sive
1591 986 1703 1058 Ab,
1735 1006 1864 1045 esse
1894 996 1965 1045 ut
1996 993 2029 1045 5
2062 986 2141 1045 ad
2170 994 2242 1045 4:

519 1091 580 1139 et
609 1101 719 1159 per
749 1101 1142 1159 consequenS,
1166 1080 1527 1158 quadratum
1557 1080 1633 1138 ab
1660 1081 1748 1138 Ac
1776 1079 1853 1139 ad
1878 1079 2243 1156 quadratum

518 1175 595 1234 ab
627 1175 734 1234 AL
762 1195 891 1234 esse
935 1175 1118 1234 etiam
1147 1186 1216 1232 ut
1248 1181 1281 1232 5
1314 1174 1392 1232 ad
1421 1181 1494 1232 4:
1541 1172 1797 1251 ideoque
1827 1173 1958 1245 AO,
1991 1174 2081 1232 Ac
2111 1193 2242 1232 esse

520 1269 815 1348 aequales:
861 1288 935 1327 ex
977 1288 1048 1327 eo
1079 1277 1284 1326 autem
1316 1266 1481 1343 quod
1513 1266 1875 1344 quadratum
1905 1267 1986 1324 Zc
2014 1267 2242 1344 aequale

520 1373 613 1421 est
651 1369 723 1422 10
754 1362 1192 1421 decimissextis
1223 1360 1503 1439 quadrati
1533 1360 1661 1432 GC,
1686 1359 1858 1438 sequi
1893 1359 2083 1437 (quod
2113 1360 2242 1419 abs-

518 1476 634 1534 que
679 1476 749 1515 eo
793 1455 1179 1514 manifestum
1210 1453 1325 1530 est)
1376 1454 1740 1531 quadratum
1785 1453 1860 1512 ab
1891 1453 1982 1512 lzL
2011 1453 2244 1532 aequale

519 1569 648 1608 esse
681 1558 718 1608 8
749 1548 1206 1620 decimissextiS,
1238 1547 1360 1606 sive
1393 1547 1662 1619 dimidio,
1695 1546 1977 1625 quadrati
2017 1566 2055 1605 a
2097 1546 2201 1606 GC
2227 1569 2241 1605 :

519 1653 580 1702 et
624 1663 735 1722 per
780 1661 1157 1721 consequens
1189 1641 1371 1700 etiam
1402 1639 1515 1713 Ah,
1549 1640 1658 1713 Ae,
1690 1641 1824 1710 Am,
1855 1639 1968 1712 Ak,
2000 1649 2061 1699 et
2087 1660 2244 1719 prae-

517 1748 686 1797 terea
705 1737 830 1810 AC,
853 1737 975 1810 AZ,
1001 1737 1111 1806 Ae,
1136 1735 1249 1808 Alc,
1276 1754 1405 1794 esse
1430 1735 1718 1794 continue
1741 1734 2240 1813 proportionaleS.

521 1832 676 1892 Quae
707 1842 801 1891 est
833 1831 1165 1910 duplicatio
1197 1830 1336 1889 cubi
1367 1849 1438 1888 ex
1471 1829 1658 1908 ipsius
1704 1828 2066 1888 Professoris
2097 1841 2251 1888 con-³

516 1926 721 1985 cessiS.
2177 1928 2182 1933 ’

601 2020 723 2080 Sed
767 2018 978 2079 eadem
1025 2037 1234 2077 rursus
1279 2016 1796 2076 demonstratione
1842 2035 1951 2075 sua
1994 2017 2240 2076 evertit:

516 2116 687 2194 cujus
719 2113 1024 2174 sententia
1052 2114 1187 2172 haec
1218 2121 1327 2171 est.
1389 2112 1454 2171 Si
1483 2111 1587 2171 GC
1617 2111 1810 2170 divisa
1842 2110 1920 2170 sit
1953 2109 2243 2188 quinque-

516 2209 752 2280 fariam,
783 2207 1147 2288 quadratum
1191 2207 1379 2266 totius
1409 2206 1524 2265 erit
1559 2205 1793 2284 aequale
1824 2210 1900 2263 25
1934 2202 2244 2282 quadratis

516 2324 554 2362 a
583 2313 758 2382 parte
789 2322 897 2361 sua
928 2301 1160 2379 quinta.
1247 2301 1328 2359 Et
1357 2299 1499 2377 quia
1540 2309 1710 2357 recta
1739 2298 1862 2370 AZ,
1893 2296 1989 2355 vel
2018 2295 2120 2369 Ze,
2152 2307 2248 2365 est

516 2395 545 2472 ζ-
578 2406 762 2455 rectae
786 2396 916 2455 GC:
941 2395 1305 2473 quadratum
1327 2414 1365 2453 a
1386 2394 1469 2452 Ze
1493 2392 1722 2471 aequale
1746 2391 1862 2451 erit
1894 2388 1930 2465 ἐξ
1963 2390 2247 2470 quadrati.

519 2512 557 2551 a
586 2491 708 2550 GC.
798 2488 919 2548 Sed
944 2486 990 2563 {r}
1025 2489 1218 2566 majus
1243 2496 1333 2546 est
1363 2506 1543 2565 quam
1579 2483 1646 2560 ἒξ.
2243 2548 2245 2550 ,

600 2585 763 2643 Vera
791 2584 924 2642 haec
948 2601 1076 2641 esse
1099 2600 1384 2659 agnosco,
1410 2588 1470 2639 et
1502 2579 1865 2657 quadratum
1894 2577 2011 2637 hoc
2032 2597 2243 2637 nume-

517 2680 712 2739 ricum
754 2696 881 2736 esse
934 2683 1010 2735 25
1062 2694 1320 2752 quorum
1367 2673 1732 2751 quadratum
1780 2672 1863 2730 Zc
1908 2681 2002 2731 est
2047 2678 2139 2744 16,
2183 2683 2246 2732 et

519 2772 757 2851 singula
788 2770 1074 2830 distincta
1097 2789 1132 2827 a
1158 2768 1271 2827 sibi
1295 2768 1603 2846 proximiS,
1628 2768 1822 2826 tribus
1852 2766 2244 2845 longitudini-

516 2867 631 2926 bus
676 2865 805 2925 sine
849 2862 1193 2934 latitudine,
1240 2881 1495 2940 quarum
1545 2861 1678 2940 (per
1720 2860 2059 2936 Euclidem)
2109 2860 2246 2921 duae

519 2968 663 3020 sunt
705 2959 977 3037 ipsorum
1023 2955 1457 3035 quadratorum
1502 2956 1932 3033 contiguorum
1981 2955 2245 3029 termini,

518 3054 700 3115 tertia
731 3063 825 3112 est
864 3052 1024 3110 inter
1064 3050 1198 3108 illos
1235 3050 1526 3109 terminos
1570 3049 1788 3109 media.
1874 3049 2076 3127 Atque
2116 3049 2246 3114 haec,

517 3170 554 3208 a
595 3155 1045 3227 geometrarum
1094 3143 1405 3221 principiis
1448 3163 1590 3203 vere
1635 3143 2006 3215 derivantur,
2051 3162 2244 3221 quan-

520 3263 705 3322 quam
748 3239 1046 3320 aliquibus
1087 3238 1345 3297 fortasse
1389 3238 1597 3316 inepta
1639 3236 2027 3296 videbuntur.
2123 3235 2246 3298 Sed

520 3335 1070 3417 quomodocunque
1113 3331 1510 3410 accipiantur,
1554 3331 1853 3390 rationem
1895 3328 2247 3398 continuam-

518 3440 822 3491 rectarum
866 3427 1294 3507 praedictarum
1324 3426 1450 3499 AC,
1482 3424 1614 3498 AY,
1647 3424 1769 3497 AZ,
1800 3431 1936 3496 etc.,
1967 3442 2090 3482 non
2128 3422 2245 3481 tol-

519 3526 682 3584 lunt:
729 3534 791 3583 et
814 3542 924 3602 per
947 3539 1341 3598 consequens,
1365 3539 1560 3598 neque
1587 3517 2060 3596 duplicationem
2084 3517 2242 3589 cubi,

522 3639 657 3697 quae
689 3619 813 3679 suis
845 3625 967 3678 stat
995 3614 1333 3694 principiis:
1380 3633 1576 3693 neque
1606 3611 1946 3691 impediunt
1973 3610 2118 3691 quin
2148 3609 2242 3682 Gi,
