2462 4120
567 335 685 389 394
799 347 887 388 DE
922 348 1305 392 PRINCIPHS
1340 350 1424 392 ET
1457 350 2058 393 RATIOCINATIONE

1270 575 1444 635 CAP.
1476 575 1588 634 III.

1183 719 1273 759 DE
1330 718 1671 759 TERMINO.

277 824 388 856 off.
407 825 479 857 111.
562 801 1089 876 ΒΕῈΙΝΙΠΝΤΠΒ,
1156 804 1339 863 tertio
1406 804 1563 873 1000,
1621 803 1800 863 lineae
1865 804 2112 863 termini
2175 804 2293 864 hoe

259 934 498 971 „emmim
561 897 783 956 modo:
831 897 1006 957 lineoe
1044 898 1289 957 termini
1324 907 1466 957 sunt
1499 905 1758 977 puncta.
1850 898 2052 958 Quam
2083 897 2294 957 defini·

560 992 792 1051 tionem
843 1011 966 1051 non
1017 992 1435 1071 reprehendo;
1483 991 1591 1050 sed
1637 989 1747 1049 ut*
1778 992 1852 1050 ab
1896 1012 1988 1065 ea,
2036 992 2102 1051 id
2132 992 2296 1070 quod

561 1094 703 1145 ante
735 1085 880 1158 dixi,
913 1086 1199 1146 nimirum
1230 1094 1527 1164 punctum
1566 1104 1690 1143 non
1735 1104 1865 1144 esse
1906 1085 2294 1158 indivisibile,

563 1179 670 1239 sed
699 1188 937 1239 tantum
962 1180 1025 1238 in
1057 1178 1572 1238 demonstratione
1602 1197 1724 1236 non
1755 1188 1826 1237 ut
1857 1178 2118 1238 divisum
2149 1200 2295 1240 con-

562 1274 833 1345 siderari,
864 1274 1006 1332 inde
1038 1273 1376 1333 ostendam.
1466 1272 1531 1331 Si
1562 1271 1723 1330 enim
1753 1271 1916 1331 linea
1957 1282 2197 1332 secetur
2230 1274 2295 1332 in

559 1378 788 1449 puncto
817 1368 1115 1440 bifariam,
1147 1387 1286 1426 cum
1317 1377 1576 1444 utraque
1621 1366 1844 1425 habeat
1891 1366 2044 1426 duos
2086 1368 2295 1426 termi-

558 1483 690 1537 nOS‚
740 1463 937 1541 sitque
980 1472 1280 1540 punctum
1322 1460 1475 1519 illud
1518 1460 1582 1518 in
1631 1479 1752 1538 quo
1800 1459 2094 1520 dividitur
2135 1461 2298 1522 linea

559 1557 807 1616 omnino
837 1556 1023 1615 nihil:
1071 1554 1207 1614 duae
1237 1564 1442 1633 partes
1473 1575 1509 1613 a
1539 1554 1834 1614 divisione
1863 1554 2044 1614 factae
2075 1574 2138 1614 se
2167 1575 2296 1616 mu-

559 1661 666 1711 tuo
691 1659 930 1710 tantum
956 1657 1298 1727 tangerent,
1326 1668 1440 1707 neo
1463 1648 1761 1707 haberent
1783 1648 1976 1707 ullum
1999 1657 2295 1727 punctum

561 1763 904 1805 commune.
989 1744 1069 1802 Et
1099 1742 1356 1821 proinde
1400 1741 1697 1800 terminus
1745 1750 2054 1801 extremus
2105 1742 2296 1821 magis

563 1840 811 1899 distabit
842 1859 878 1897 a
906 1837 1168 1897 termino
1189 1837 1440 1896 alterius
1470 1836 1649 1895 lineae
1669 1836 1747 1895 ad
1771 1837 1974 1914 quod*
1995 1846 2088 1896 est
2109 1857 2294 1916 punc-

561 1945 693 1993 tum
725 1932 1021 2005 dividenS,
1054 1953 1237 2011 quam
1267 1952 1303 1991 a
1333 1932 1426 1991 sui
1456 1931 1644 2009 ipsius
1675 1931 1937 1990 termino
1968 1931 2185 2005 altem,
2216 1931 2296 1991 ad

560 2048 741 2108 quem
769 2027 983 2087 itidem
1021 2026 1271 2105 ponitur
1315 2026 1477 2085 idem
1521 2036 1821 2104 punctum
1859 2026 2172 2086 dividens:
2231 2025 2296 2084 id

563 2132 675 2195 est,
707 2123 901 2200 major
930 2131 1022 2180 est
1050 2141 1173 2179 una
1201 2121 1467 2198 partium
1500 2139 1681 2198 quam
1711 2119 1921 2193 altera,
1949 2130 2011 2180 et
2040 2119 2296 2199 proinde

560 2217 721 2276 linea
758 2217 862 2275 illa
895 2216 1089 2275 divisa
1118 2235 1243 2274 non
1273 2224 1367 2273 est
1396 2214 1697 2286 bifariam,
1721 2224 1791 2273 ut
1822 2214 2294 2293 supponebatur.

561 2311 839 2389 Exempli
868 2310 1067 2389 gratia
1093 2333 1106 2368 :
1153 2309 1314 2367 linea
1343 2308 1451 2366 AB
1485 2316 1649 2366 secta
1671 2307 1951 2373 bifariam
1981 2309 2044 2367 in
2071 2308 2142 2381 C,
2161 2327 2294 2386 par-

561 2417 654 2466 tes
684 2405 811 2484 ejus
835 2425 899 2464 se
929 2412 1194 2482 tangunt
1227 2412 1467 2462 tantum
1490 2401 1569 2460 ad
1593 2401 1659 2473 C,
1686 2411 1750 2460 et
1775 2421 1986 2461 earum
2006 2404 2296 2481 cujusque

560 2500 807 2561 termini
837 2499 1002 2576 (cum
1033 2499 1154 2557 sint
1177 2497 1314 2557 duae
1343 2497 1546 2573 lineae)
1573 2504 1715 2555 sunt

564 2615 774 2656 omnes
799 2605 1089 2673 quatuor:
1124 2612 1312 2671 quare
1342 2591 1416 2651 ad
1454 2591 1502 2650 C
1533 2599 1714 2650 erunt
1831 2629 1861 2661 A

563 2689 685 2749 duo
708 2688 972 2760 termini,
995 2687 1098 2766 qui
1122 2687 1242 2745 sint
1271 2686 1326 2745 D
1352 2695 1414 2745 et
1436 2686 1505 2755 E,
1527 2695 1588 2744 et
1606 2705 1716 2763 per

563 2803 940 2862 consequens
973 2782 1080 2840 BD
1112 2782 1307 2859 major
1337 2790 1430 2839 est
1461 2800 1642 2857 quam
1674 2779 1804 2837 AC.
1852 2779 1995 2837 Non
2026 2787 2119 2837 est
2151 2796 2296 2856 ergo

562 2878 672 2936 AB
703 2877 895 2936 divisa
923 2875 1205 2935 bifariam
1235 2875 1298 2932 in
1330 2874 1397 2947 C,
1433 2873 1551 2932 nisi
1582 2873 1803 2946 D‚C,E
1836 2872 2298 2932 considerentur

563 2983 634 3031 ut
663 2972 824 3031 idem
847 2980 1160 3050 punctum.

2015 2595 2089 2619 DCE

2045 2629 2050 2671 Ι
2233 2628 2262 2661 Β

1271 3220 1371 3280 CA
1381 3220 1446 3280 P.
1487 3219 1593 3278 IV.

1114 3354 1202 3395 DE
1252 3352 1467 3394 LINEA
1513 3350 1756 3393 RECTA.

563 3444 941 3502 DEF1N1T10
995 3449 1214 3518 quarta
1270 3449 1362 3498 est
1419 3438 1599 3497 Zinece
1647 3443 1852 3509 reem,
1904 3434 2078 3494 talis:
2132 3433 2296 3493 linea

562 3545 740 3597 recta
780 3544 874 3596 est
902 3556 1037 3615 quoe
1081 3555 1158 3593 ex
1193 3554 1362 3612 aequo
1393 3553 1509 3591 sua
1548 3532 1879 3608 interjacet
1912 3535 2182 3609 puncta:
2233 3527 2298 3587 id

1190 3691 1217 3718 *
1258 3688 1340 3738 Sic
1362 3690 1493 3737 Edit.
1526 3690 1668 3736 1668.
