2462 4120
567 327 679 392 178
918 343 1365 385 ΕΧΑΜῙΝΑΤΙΟ
1400 345 1486 385 ET
1517 344 1926 386 EMENDATIO

245 505 495 536 mAtoGus
559 491 830 560 possunt.
919 483 1079 543 Nam
1109 485 1506 555 theoremata,
1538 492 1790 562 excepto
1826 483 2286 562 quadragesimo

355 572 400 603 ἲ.

560 576 838 653 septimO,
884 578 1048 656 quod
1094 598 1270 637 suum
1318 587 1410 636 est
1456 585 1517 635 et
1554 577 1791 651 falsum,
1840 579 1916 637 ab
1967 578 2100 637 aliis
2146 596 2287 635 vere

560 669 977 731 demonstrata
1001 682 1178 739 sunt;
1209 669 1469 730 Wallisii
1492 680 1697 730 autem
1721 671 2286 743 demonstrationes,

558 775 810 842 propter
866 765 1232 824 densitatem
1289 764 1718 843 symbolorum,
1787 786 1912 824 non
1970 776 2284 844 apparent.

559 858 775 937 Neque
820 859 1147 937 quicquam
1192 858 1439 929 habent,
1471 858 1586 916 etsi
1616 878 1775 917 verae
1815 870 2034 931 essent,
2064 869 2289 936 praeter

556 951 830 1029 analysin
884 952 1098 1011 alienae
1146 951 1521 1028 syntheseOS.
1627 951 1717 1009 Ea
1761 951 1947 1030 igitur
1992 952 2287 1025 transiliO,

555 1065 888 1124 properans
908 1046 986 1104 ad
1003 1052 1331 1103 tractatum
1354 1043 1431 1102 cle
1451 1042 1862 1103 Arithmetica
1879 1043 1925 1100 Ι
1920 1045 2287 1122 nfinitorum,

558 1159 677 1217 quo
723 1139 875 1197 nihil
929 1157 1197 1216 unquam
1255 1137 1571 1215 quisquam.
1619 1137 1774 1197 vidit
1831 1138 1895 1197 in
1950 1139 2289 1217 geometria

555 1233 811 1311 turpius

639 1326 716 1386 B.
763 1326 1129 1404 Incipiamus
1161 1344 1308 1403 ergo
1340 1325 1416 1384 ab
1446 1325 1720 1403 Epistola
1749 1325 2160 1388 Dedicatoria.

640 1421 720 1480 A.
767 1421 905 1480 Non
933 1430 1024 1478 est
1047 1439 1311 1478 necesse.
1369 1419 1538 1478 Nihil
1569 1420 1731 1478 enim
1763 1421 2037 1481 continet
2063 1433 2289 1500 praeter

555 1515 832 1574 ordinem
869 1534 1114 1574 suarum
1154 1514 1343 1592 ipsius
1379 1514 1839 1592 cogitationum,
1889 1516 2106 1592 quibus
2150 1538 2289 1597 per-

554 1609 773 1668 ductus
805 1617 896 1668 est
926 1608 1006 1668 ad
1046 1608 1372 1667 absurdam
1402 1608 1568 1667 illam
1601 1610 1730 1687 ejus
1779 1610 1992 1668 circuli
2032 1611 2289 1689 quadra-

552 1713 773 1762 turam.
889 1702 1104 1780 Neque
1154 1703 1218 1760 in
1269 1710 1534 1761 tractatu
1590 1702 1722 1781 ipso
1782 1703 2037 1763 ulterius
2088 1705 2288 1785 legam

554 1817 736 1875 quam
782 1796 860 1855 ad
907 1797 1387 1875 propositionem
1416 1797 1535 1855 xli:
1583 1798 1725 1876 quia
1762 1797 1994 1876 priores
2025 1798 2134 1858 has
2173 1820 2286 1878 pro

553 1892 952 1951 fundamento
982 1891 1157 1970 ponit
1188 1891 1458 1950 omnium
1491 1912 1627 1970 quae
1657 1901 2013 1970 sequuntur.
2086 1893 2289 1952 Prima

551 1987 886 2066 propositio
936 1997 1028 2045 est
1079 1985 1315 2059 lemma,
1356 1986 1452 2045 vel
1512 1986 1715 2064 potius
1764 1984 2088 2064 problema
2130 1986 2285 2046 hoc:

559 2081 635 2139 Si
698 2089 1089 2162 proponatur
1163 2080 1361 2140 series
1433 2081 1845 2161 quantitatum
1905 2080 2288 2141 arithmetice

542 2174 1129 2254 proportionalium,
1154 2174 1282 2234 Sive
1310 2176 1503 2253 juata
1537 2172 1881 2233 naturalem
1910 2194 2288 2234 numerorum

553 2269 1075 2349 consequutionem
1108 2269 1389 2328 continue
1418 2267 1833 2340 crescentium,
1865 2287 1906 2326 a
1932 2276 2165 2347 puncto
2195 2267 2293 2327 vel

554 2370 592 2422 Ο
618 2363 894 2443 (cyphra
912 2384 1021 2422 Seu
1042 2362 1271 2439 nihilo)
1297 2363 1737 2434 inchoatarum,
1757 2369 1920 2441 puta
1940 2369 1998 2434 Ο,
2019 2370 2068 2435 1,
2082 2370 2139 2435 2,
2157 2371 2285 2435 3,4,

553 2464 703 2524 ete.;
724 2457 1121 2537 propositum
1144 2456 1231 2515 Sit
1254 2455 1566 2536 inquirere
1588 2474 1768 2534 quam
1786 2453 1966 2513 habet
1986 2454 2288 2514 rationem

555 2570 765 2609 earum
794 2550 1050 2609 omnium
1085 2557 1507 2630 aggregatum
1546 2549 1635 2608 ad
1675 2556 2100 2629 aggregatum
2146 2549 2286 2608 toti—

555 2643 690 2703 dem
720 2643 998 2702 maaimoe
1027 2641 1371 2723 oequalium.

637 2739 717 2797 B.
767 2738 1094 2797 Rationem
1122 2737 1311 2796 habet
1339 2745 1470 2796 tota
1498 2737 1684 2796 series
1713 2735 1792 2795 ad
1821 2756 2143 2796 numerum
2164 2745 2287 2796 ter-

555 2833 862 2892 minorum
917 2832 1389 2911 multiplicatum
1439 2850 1549 2909 per
1619 2830 1972 2903 maximum,
2030 2831 2286 2890 eandem

558 2946 741 3004 quam
768 2926 954 2985 habet
986 2925 1250 2985 semissis
1281 2925 1361 2984 ad
1404 2924 1731 3002 integrum.
1821 2924 2072 2984 Summa
2124 2926 2287 2984 enim

556 3019 957 3079 terminorum
1016 3020 1312 3089 omnium,
1350 3026 1421 3078 ut
1470 3019 1534 3077 in
1562 3018 1680 3077 hac
1711 3018 1866 3077 serie
1897 3025 1956 3091 O,
1989 3026 2039 3091 l,
2063 3026 2120 3091 2,
2143 3027 2200 3088 3,
2223 3027 2283 3092 4,

558 3113 805 3192 aequalis
835 3122 925 3172 est
953 3113 1252 3192 producto
1283 3133 1358 3172 ex
1387 3116 1651 3171 numero
1669 3113 2072 3172 terminorum
2097 3113 2284 3174 ducto

557 3209 622 3268 in
654 3207 962 3267 semissem
987 3209 1285 3267 maximae.
1359 3207 1574 3284 Itaque
1604 3226 1743 3265 cum
1773 3207 2018 3266 termini
2045 3207 2145 3266 hic
2163 3208 2287 3268 sint

559 3301 845 3382 quinque,
877 3310 939 3359 et
968 3301 1248 3360 maximae
1278 3299 1540 3360 semissis
1563 3307 1620 3371 2,
1662 3299 1780 3358 erit
1823 3300 2159 3378 productus
2209 3321 2284 3361 ex

560 3405 596 3457 2
622 3396 685 3457 in
717 3403 750 3455 5
784 3395 1033 3473 aequalis
1071 3402 1163 3454 10.
1250 3396 1358 3454 Est
1388 3403 1594 3453 autem
1632 3400 1704 3453 10
1730 3414 1964 3453 summa
1993 3394 2284 3455 termino-

559 3510 695 3549 rum
752 3488 1040 3549 omnium.
1149 3488 1320 3548 Idem
1372 3488 1755 3565 contingeret
1797 3488 1861 3547 in
1908 3487 2025 3547 alia
2074 3489 2283 3567 quavis

558 3584 983 3663 progressione
1034 3583 1419 3642 arithmetica
1457 3582 1784 3661 incipiente
1830 3602 1868 3642 a
1916 3582 2163 3662 cyphra,
2214 3591 2283 3642 ut
