2462 4120
185 540 297 572 CAP.
326 541 377 573 11.

160 595 400 624 Β-Ὓῇκ

164 643 222 678 De
240 645 390 680 aestibus

162 698 328 734 marinis.

474 373 594 426 314
934 389 1400 434 PROBLEMATA
1433 392 1755 436 PHYsch.

472 524 732 583 marium
753 528 1028 586 omnium
1060 549 1196 607 quae
1227 531 1302 589 ab
1333 531 1437 590 illo
1462 532 1524 590 in
1547 532 2044 610 Septentrionem
2067 550 2210 590 con-

471 616 713 677 tinuata
742 629 920 680 sunt:
965 622 1083 681 11151
1114 624 1278 701 quod
1322 625 1547 702 partim
1586 634 1930 703 augeantur
1962 624 2149 684 etiam
2177 643 2215 682 a

468 711 624 769 mari
655 732 877 791 magno
898 715 1188 787 Australi,
1212 737 1324 795 per
1352 717 1580 776 fretum
1598 719 1799 777 Anian
1820 720 1980 776 inter
2004 717 2214 775 Asiam

468 813 531 863 et
574 806 922 867 Americam
979 809 1042 867 in
1095 812 1287 869 maria
1339 812 1840 889 septentrionalia
1890 811 2207 869 influente.

471 898 655 958 Quod
685 910 892 960 autem
923 923 1091 961 mare
1123 924 1490 982 unoquoque
1511 904 1608 962 die
1628 904 1707 963 ad
1726 905 1987 964 eundem
2006 905 2212 962 locum

466 991 560 1050 bis
591 994 921 1071 repleatur,
953 997 1303 1074 argumenti
1325 997 1463 1056 loco
1495 997 1645 1055 mihi
1677 1007 1787 1070 est,
1818 997 1985 1076 quod
2012 997 2213 1075 perio-

470 1083 582 1143 dus
614 1096 836 1160 motUS,
868 1108 1047 1166 quem
1080 1090 1141 1147 in
1173 1100 1339 1149 terra
1379 1090 1689 1169 supposui,
1722 1111 1844 1150 uno
1888 1091 1986 1150 die
2033 1099 2213 1149 natu-

466 1178 581 1237 rali
610 1179 701 1238 bis
725 1181 1103 1258 compleatur
1133 1182 1280 1241 fere.

553 1272 632 1331 A.
685 1274 806 1332 Sed
845 1294 1051 1333 nonne
1098 1275 1284 1333 etiam
1332 1295 1499 1333 mare
1546 1274 2073 1334 Mediterraneum
2109 1295 2212 1334 ex-

469 1367 746 1426 tenditur
775 1369 850 1426 ab
877 1369 1129 1427 Oriente
1148 1369 1210 1428 in
1237 1369 1639 1428 Occidentem
1663 1369 1683 1427 Ρ
1731 1368 1854 1427 Cur
1873 1389 1999 1428 non
2023 1370 2211 1428 etiam

463 1461 528 1519 in
558 1461 661 1520 illo
693 1462 917 1520 similes
939 1464 1097 1521 fiunt
1128 1462 1353 1522 aestus?

547 1555 628 1615 B.
677 1556 862 1614 Fiunt
890 1580 902 1614 :
950 1555 1076 1628 sed,
1107 1576 1220 1634 pro
1247 1555 1633 1634 longitudine
1666 1565 1728 1614 et
1757 1575 1932 1633 aquae
1968 1554 2210 1633 quanti-

461 1656 608 1720 tate,
641 1649 926 1707 minores.

545 1743 626 1801 A.
674 1743 900 1802 Genoae
936 1752 999 1801 et
1028 1743 1305 1802 Anconae
1335 1752 1518 1801 aestus
1565 1741 1717 1800 nulli
1759 1750 1922 1814 sunt,
1954 1741 2050 1800 vel
2083 1742 2204 1801 sal-

459 1845 585 1894 tem
615 1836 1016 1895 insensibiles

543 1929 623 1988 B.
669 1930 944 1989 Venetiis
974 1939 1201 2002 autem,
1229 1938 1290 1988 et
1319 1929 1398 1988 ad
1428 1929 1612 1988 litora
1635 1929 1995 2000 Palaestinae,
2026 1929 2204 1988 valde

457 2024 772 2083 sensibiles
803 2035 963 2083 sunt.
1055 2025 1386 2097 Caeterum,
1417 2034 1670 2102 propter
1707 2043 1955 2083 cursum
1985 2044 2204 2083 secun-

458 2116 603 2175 dum
661 2118 1113 2196 longitudinem
1171 2118 1355 2176 maris
1415 2117 1858 2176 Mediterranei
1911 2126 1974 2175 et
2022 2118 2205 2177 Sinus

455 2210 776 2283 Adriatici,
808 2212 1009 2270 minus
1041 2211 1308 2290 assurgit
1333 2231 1492 2288 aqua
1520 2211 1583 2269 in
1613 2210 1896 2269 litoribus
1926 2230 1963 2269 a
1986 2211 2206 2288 quibus

455 2305 705 2364 minime
735 2306 1089 2383 impeditur.

540 2399 619 2458 A.
669 2400 994 2460 Quomodo
1031 2408 1238 2458 autem
1277 2398 1371 2457 his
1418 2398 1601 2456 rebus
1646 2399 1734 2457 ita
1786 2417 1849 2456 se
1901 2397 2206 2457 immiscet

452 2493 618 2566 luna,
663 2502 733 2552 ut
773 2495 836 2552 in
875 2494 1201 2553 noviluniis
1250 2500 1311 2551 et
1349 2492 1699 2570 pleniluniis
1746 2500 1930 2550 aestus
1983 2491 2204 2550 marini

452 2587 678 2664 ubique
707 2588 1033 2666 insigniter
1064 2595 1406 2666 augeantur
1432 2586 1452 2643 ἓ

536 2681 616 2738 Β.
666 2681 911 2739 Μο111111
955 2701 1136 2759 quem
1182 2682 1246 2739 in
1296 2680 1515 2739 tellure
1568 2678 1876 2756 supposui,
1925 2698 2202 2756 suppono

453 2793 692 2852 quoque
723 2775 786 2832 in
819 2775 964 2847 sole,
997 2785 1060 2834 et
1089 2775 1254 2847 luna,
1286 2782 1348 2832 et
1389 2773 1627 2832 caeteris
1667 2772 1857 2831 stellis
1899 2773 2200 2832 omnibuS.

455 2868 640 2928 Quod
670 2877 874 2927 autem
915 2869 1139 2927 attinet
1170 2867 1250 2927 ad
1290 2877 1528 2926 motum
1575 2867 1742 2925 hunc
1789 2875 2090 2944 quatenus
2136 2867 2202 2926 in

452 2963 577 3021 sole
609 2972 672 3021 et
701 2963 847 3021 luna
885 2962 1328 3033 consideratur,
1369 2962 1542 3039 polos
1590 2962 1721 3038 ejus
1770 2960 2018 3019 eosdem
2070 2980 2200 3020 esse

451 3077 728 3135 suppono
760 3056 1081 3134 cum-polis
1113 3056 1325 3114 circuli
1356 3055 1818 3134 aequinoctialis,
1885 3055 2025 3114 Quo
2057 3074 2199 3132 sup-

448 3151 668 3229 posit0,
728 3150 1021 3228 sequitur,
1082 3150 1372 3228 quoniam
1431 3150 1540 3222 sol,
1594 3149 1741 3207 luna
1791 3157 1852 3207 et
1912 3156 2078 3206 terra
2134 3148 2198 3207 in

449 3243 732 3304 omnibus
783 3242 1111 3302 noviluniis
1163 3251 1224 3300 et
1277 3241 1628 3319 pleniluniis
1683 3250 1828 3299 sunt
1873 3240 1937 3298 in
1983 3239 2198 3298 eadem

447 3337 576 3396 fere
607 3345 780 3396 recta,
803 3336 983 3407 linea,
1014 3343 1083 3393 ut
1109 3343 1311 3394 motus
1343 3335 1443 3393 hic
1483 3345 1665 3393 terrae
1695 3333 1964 3392 velocior
1993 3333 2103 3392 fiat
2132 3332 2198 3392 in

446 3430 775 3490 noviluniis
834 3439 897 3488 et
963 3428 1312 3506 pleniluniis
1372 3448 1551 3507 quam
1615 3428 1678 3486 111
1730 3426 2195 3506 quadrantibuS.

447 3525 609 3582 Nam
640 3533 842 3582 motus
872 3523 973 3581 hic
1006 3522 1150 3581 solis
1183 3531 1244 3580 et
1272 3522 1433 3580 lunae
1463 3522 1948 3581 communicatus
1993 3530 2194 3592 terrae,

445 3626 682 3677 motum
727 3617 888 3676 illius
940 3616 1198 3675 similem
1250 3616 1593 3675 necessario
1647 3624 1831 3692 auget
1858 3638 1870 3672 :
1929 3614 2192 3673 maxime
