2462 4120
305 503 416 535 GAP.
443 503 552 537 VIII.

315 561 552 586 κ-Ὓ-κ

320 608 377 643 De
393 609 537 656 angulo,

623 324 747 386 400
864 345 952 387 DE
986 342 1369 389 PRle'Pns
1406 347 1490 390 ET
1523 347 2122 393 RATIOCINATIONE

622 491 804 541 rectae
844 484 971 556 AC,
996 484 1099 544 GE
1150 487 1528 546 constituant
1572 508 1758 547 unam
1806 490 2030 548 lineam
2081 484 2347 566 curvam,

622 575 925 636 incertum
968 587 1094 637 est:
1139 579 1263 638 imo
1294 599 1458 652 ver0,
1491 591 1725 640 certum
1765 583 1970 660 potius
2000 583 2165 662 quod
2202 603 2347 643 non.

623 668 785 728 Nam
823 680 1118 749 punctum
1164 673 1212 732 C
1249 674 1735 734 considerabitur
1779 676 1876 735 vel
1925 686 1994 736 ut
2030 687 2347 755 quantum,

620 764 718 822 vel
762 774 831 824 ut
868 766 1039 825 nihil.
1128 767 1193 826 si
1238 777 1309 826 ut
1336 768 1509 839 nihil,
1555 788 1751 845 neque
1795 769 1956 829 linea
1995 771 2102 830 DE
2149 790 2349 849 neque

618 858 781 919 linea
809 860 886 919 FI
918 860 1058 919 duci
1086 871 1309 939 potest,
1332 880 1528 939 neque
1559 861 1949 921 considerari.
2028 864 2133 923 Sin
2162 884 2350 942 punc-

618 961 750 1012 tum
783 955 1202 1014 consideretur
1226 965 1295 1013 ut
1325 963 1640 1031 quantum,
1666 956 2150 1017 considerabitur
2178 967 2351 1018 recta

619 1047 862 1126 quidem
893 1049 1000 1108 DE
1046 1058 1116 1107 ut
1161 1047 1606 1126 rectangulum,
1639 1058 1702 1107 et
1745 1069 1921 1109 arcus
1964 1051 2040 1110 FI
2069 1063 2140 1111 ut
2183 1052 2348 1111 orbis

618 1142 873 1220 alicujus
903 1143 1261 1202 latitudinis.
1353 1143 1566 1219 Itaque
1596 1154 1890 1220 punctum
1923 1144 1971 1203 C
2001 1146 2350 1205 considera-

617 1237 781 1297 bitur
809 1249 879 1297 ut
907 1257 1047 1316 pars
1076 1237 1391 1316 utriusque
1423 1237 1760 1296 communis
1787 1260 1799 1295 :
1847 1246 1908 1297 et
1938 1238 2025 1297 sic
2045 1239 2160 1298 erit
2188 1239 2350 1298 idem

617 1342 912 1410 punctum
958 1331 1410 1391 consideratum
1450 1341 1521 1389 ut
1550 1332 1745 1409 majus
1785 1340 1848 1391 et
1892 1332 2110 1401 minus,
2142 1332 2207 1391 id
2236 1342 2349 1406 est,

614 1437 686 1486 ut
717 1427 1082 1506 quadratum
1122 1436 1185 1485 et
1227 1424 1489 1485 circulus
1540 1424 1656 1503 ipsi
1700 1425 2049 1504 inscriptuS.
2141 1425 2352 1487 Quare

618 1521 754 1581 duae
803 1532 988 1580 rectae
1036 1519 1480 1579 constituentes
1530 1520 1822 1598 angulum
1872 1530 2130 1595 rectum,
2180 1520 2350 1580 nullo

614 1617 797 1675 modo
823 1614 1195 1675 considerari
1223 1624 1294 1673 111
1322 1633 1445 1672 11113
1474 1624 1644 1673 16613
1671 1624 1947 1692 possunt.
2011 1614 2214 1673 Multo
2246 1634 2352 1673 au·-

614 1720 740 1769 tem
770 1710 989 1781 minUS,
1011 1709 1061 1768 si
1092 1709 1477 1768 constituunt
1501 1708 1794 1786 angulum
1813 1718 2080 1768 acutum.
2133 1708 2351 1770 “Quid

615 1805 815 1882 erg0,''
847 1804 1085 1882 inquiet
1125 1803 1283 1862 forte
1326 1803 1564 1881 aliquiS,
1599 1806 1637 1833 “
1661 1802 1908 1862 nullane
1950 1823 2148 1882 neque
2183 1814 2347 1876 arte,

613 1918 812 1976 neque
852 1898 1097 1957 fortuna
1138 1897 1327 1956 dividi
1370 1905 1577 1975 potest
1620 1896 1782 1956 linea
1821 1906 1990 1957 recta
2032 1898 2098 1956 in
2141 1907 2349 1976 partes

613 1993 959 2071 aliquotas?
1049 1993 1353 2051 Punctum
1405 1991 1567 2050 enim
1615 1990 1666 2050 si
1712 1990 1863 2049 nihil
1904 1991 2003 2061 sit,
2047 2010 2349 2068 nusquam

613 2097 725 2157 est,
755 2107 955 2166 neque
994 2087 1059 2146 in
1102 2086 1302 2145 media
1339 2086 1518 2158 linea,
1549 2105 1746 2163 neque
1790 2085 1856 2143 in
1901 2084 2103 2157 tertia,
2148 2104 2348 2163 neque

611 2183 676 2240 in
709 2191 926 2260 quarta
965 2191 1141 2260 parte
1186 2181 1334 2258 ejuS.
1424 2180 1531 2238 Sin
1573 2189 1873 2257 punctum
1912 2179 1991 2237 sit
2031 2187 2348 2256 quantum,

611 2276 924 2335 auferetur
968 2295 1079 2354 per
1130 2274 1487 2333 divisionem
1527 2273 1731 2350 aliqua
1778 2291 1919 2350 pars
1970 2283 2156 2332 rectae
2196 2272 2346 2331 divi-

612 2370 891 2429 dendae.'’
1007 2368 1106 2427 Ad
1156 2367 1320 2445 quod
1377 2366 1756 2444 respondeo:
1820 2375 1988 2424 recte
2039 2365 2350 2425 dividetur

611 2475 801 2534 recta,
822 2463 872 2522 si
895 2482 1166 2522 secemus
1188 2482 1321 2520 eam
1337 2481 1448 2539 per
1471 2461 1693 2519 lineam
1720 2460 2047 2518 habentem
2067 2459 2350 2538 exiguam

608 2558 877 2636 aliquam
929 2555 1334 2626 latitudinem,
1385 2555 1473 2613 ita
1521 2563 1589 2612 ut
1634 2562 1836 2631 partes
1890 2552 2178 2630 utrinque
2225 2553 2351 2612 sint

607 2653 893 2732 aequaleS,
921 2650 1312 2727 dicamusque
1338 2648 1526 2707 totius
1550 2657 1735 2706 rectae
1759 2645 2037 2706 secandae
2055 2646 2350 2706 medieta-

606 2757 732 2806 tem
762 2765 891 2805 esse
923 2744 1002 2804 ad
1032 2743 1295 2803 mediam
1323 2741 1663 2802 latitudinis
1693 2741 1871 2800 lineae
1904 2741 2202 2800 secantis:
2248 2760 2350 2799 ac-

606 2841 873 2900 curatius
903 2849 1109 2899 autem
1134 2837 1320 2897 dividi
1359 2836 1658 2908 bifariam,
1690 2836 1765 2894 ab
1813 2836 2078 2894 humana
2134 2833 2350 2893 saltem

606 2934 902 3015 potentia,
950 2954 1074 2992 non
1113 2940 1334 3011 potest.
1446 2931 1623 3009 Itque
1664 2930 1797 2989 haec
1841 2929 2029 2988 verba
2088 2927 2350 2987 duarum

606 3029 1111 3101 linearum,'et0.,
1143 3036 1212 3086 ut
1258 3027 1525 3086 obscura
1568 3023 1974 3103 reprehendo,
2026 3031 2351 3101 propterea

608 3124 772 3204 quod
826 3143 962 3202 quae
1010 3122 1145 3180 duae
1192 3121 1372 3179 lineae
1416 3139 1602 3178 unam
1655 3118 2032 3177 constituant
2077 3115 2175 3174 vel
2223 3134 2350 3174 non

607 3218 1007 3290 constituant,
1039 3215 1317 3274 nondum
1349 3214 1658 3272 docuerat.
2180 3235 2182 3238 ·

691 3313 764 3373 Id
788 3311 951 3390 quod
973 3309 1123 3368 facit
1155 3309 1303 3368 duas
1334 3308 1527 3367 lineas
1553 3305 1922 3385 compositas
1944 3313 2112 3364 recte
2138 3302 2349 3363 vocari

607 3429 808 3481 unam,
857 3414 948 3466 est
999 3404 1165 3483 quod
1216 3404 1379 3463 idem
1431 3402 1681 3462 omnino
1733 3400 2000 3459 habeant
2050 3405 2349 3476 punctum

608 3520 951 3572 commune,
983 3498 1159 3578 quale
1187 3497 1432 3575 quidem
1464 3497 1693 3555 habent
1723 3514 1901 3554 arcus
1933 3493 2049 3563 FC,
2072 3491 2150 3551 CI
2179 3515 2192 3550 :
2241 3489 2347 3549 sed

608 3618 732 3658 non
763 3598 911 3656 item
941 3594 1058 3663 FC,
1084 3592 1209 3664 CD,
1243 3611 1439 3670 neque
1470 3591 1596 3664 EC,
1619 3589 1742 3649 CA.
