2462 4120
623 379 735 432 126
974 391 1417 436 ΕΧΑΜΙΝΑΤΙΟ
1454 396 1537 436 ΕΤ
1570 394 1983 438 EMENDATIO

307 552 556 585 DIALOGUS
617 528 808 608 dupla
836 531 1204 592 est—Bene
1235 553 1298 592 se
1326 535 1529 593 habet.
1619 532 1741 591 Sed
1769 532 1916 610 quid
1946 533 1995 591 si
2032 551 2143 610 pro
2186 554 2339 613 qaa-

397 622 468 652 m·
617 624 947 702 dripondio
978 636 1040 685 et
1071 625 1360 706 bipondz'o
1395 627 1694 705 posuisset
1737 645 1842 685 sex
1879 625 2082 704 pondo
2127 634 2188 685 et
2229 627 2339 686 tri-

612 718 927 795 pondium,
947 727 1008 778 et
1025 739 1136 797 pro
1158 720 1331 779 lineis
1354 718 1791 798 quadrupedali
1813 729 1875 777 et
1897 719 2096 797 pedali
2116 720 2338 780 lineam

616 811 937 872 duodecim
960 814 1184 891 pedum
1215 825 1278 873 et
1307 814 1493 873 trium
1522 813 1744 891 pedum
1768 838 1782 880 ;
1827 813 2130 891 quomodo
2160 834 2340 892 argu-

614 916 888 965 mentum
919 909 1048 986 ejus
1078 907 1474 986 quadrasset?
1563 906 1904 980 Quomodo,
1934 907 2203 986 inquam,
2245 928 2339 967 ra-

614 1000 846 1060 tionem
914 1002 1312 1080 posteriorem
1384 1001 1602 1080 prioris
1669 1011 1896 1079 quanta
1963 1021 2104 1080 pars
2162 1011 2336 1074 esset,

615 1094 978 1154 ostendisset
1000 1094 1019 1152 ?

694 1188 778 1247 B.
825 1188 943 1248 Sic.
1056 1188 1120 1248 Si
1177 1197 1566 1266 comparatur
1621 1187 1823 1266 quoad
1879 1189 2176 1248 rationem
2233 1209 2339 1248 sex

612 1282 816 1360 pondo
866 1292 930 1341 et
987 1281 1382 1359 tripondium‚
1433 1281 1591 1341 ratio
1654 1289 1747 1340 est
1799 1281 2022 1360 dupla;
2079 1283 2131 1342 si
2178 1282 2340 1342 linea

614 1375 935 1435 duodecim
981 1375 1206 1453 pedum
1250 1386 1637 1454 comparatur
1684 1396 1823 1435 cum
1872 1376 2034 1435 linea
2079 1376 2339 1435 duorum

612 1469 855 1548 pedum,
898 1470 1092 1529 oritur
1120 1470 1276 1528 ratio
1308 1470 1604 1548 sextupla.
1694 1469 1849 1530 Quae
1877 1470 2144 1530 rationes
2173 1490 2338 1530 com-

610 1564 814 1642 parari
843 1574 1132 1641 possunt;
1179 1583 1417 1641 nempe,
1449 1564 1580 1623 haec
1610 1563 1770 1622 illius
1801 1564 1917 1623 erit
1944 1564 2144 1642 tripla.

696 1658 777 1717 Α.
826 1657 991 1718 Quid
1029 1656 1155 1716 ita?
1243 1657 1570 1716 Rationem
1607 1664 1677 1717 12
1723 1657 1803 1717 ad
1846 1666 1881 1717 2
1924 1658 2169 1737 triplam
2207 1678 2338 1718 esse

611 1771 821 1811 censes
851 1751 1102 1810 rationis
1133 1757 1170 1809 6
1203 1751 1282 1810 ad
1312 1751 1390 1810 3?

696 1845 777 1905 B.
821 1844 1050 1903 Video:
1097 1863 1239 1902 nam
1267 1844 1422 1903 ratio
1462 1852 1532 1903 16
1564 1844 1643 1903 ad
1685 1853 1721 1905 2
1754 1855 1844 1905 est
1871 1846 2055 1924 tripla
2082 1847 2338 1906 rationis

609 1947 647 1998 6
678 1939 758 1998 ad
798 1941 854 1998 3.
944 1937 1066 1997 Sed
1095 1937 1294 1996 fraudi
1322 1937 1410 1996 illi
1446 1948 1508 1996 et
1546 1938 1696 1996 mihi
1733 1939 1866 2012 fuit,
1912 1939 2076 2018 quod
2119 1941 2183 2000 in
2235 1961 2338 1999 ex-

610 2033 809 2112 emplo
860 2032 1217 2092 Wallisiano
1270 2040 1403 2091 tum
1449 2032 1820 2111 quantitates
1869 2042 2000 2093 tum
2049 2035 2336 2108 rationeS,

610 2127 803 2186 altera
832 2126 1078 2186 alterius
1109 2125 1294 2204 dupla
1323 2134 1453 2195 est;
1499 2126 1563 2185 id
1593 2127 1755 2205 quod
1782 2128 2084 2206 contingit
2111 2128 2174 2187 in
2197 2149 2338 2208 pro-

608 2220 919 2298 gressione
967 2240 1078 2299 per
1136 2219 1551 2297 duplationem
1603 2219 1749 2293 sola,
1798 2220 1946 2280 alias
1995 2242 2122 2281 non
2171 2222 2336 2282 item.

612 2315 734 2375 Sed
770 2315 960 2374 miror
1004 2334 1112 2375 cur
1153 2314 1253 2373 hic
1301 2313 1449 2373 dicit
1492 2314 1792 2373 rationem
1831 2321 1868 2374 4
1914 2315 1993 2374 ad
2034 2323 2053 2374 Ι
2091 2315 2336 2395 duplam

610 2430 740 2469 esse
763 2410 1019 2470 rationis
1050 2417 1086 2469 2
1119 2408 1198 2468 ad
1236 2416 1285 2482 l,
1319 2429 1459 2468 cum
1488 2409 1617 2486 ipse
1647 2409 1711 2467 in
1735 2407 2010 2468 Elencho
2040 2410 2246 2469 multis
2276 2419 2339 2470 et

608 2505 781 2564 malis
820 2505 1021 2565 verbis
1066 2502 1402 2563 contendat
1451 2503 1751 2561 rationem
1800 2503 1967 2562 illam
2017 2503 2337 2563 dicendam

607 2619 739 2659 esse
770 2619 892 2658 non
924 2598 1188 2677 duplam,
1221 2597 1328 2656 sed
1357 2596 1745 2675 duplicatam.

691 2693 772 2753 A.
818 2692 1054 2753 Deinde
1128 2711 1372 2751 causam
1435 2690 1696 2749 reddens
1756 2689 2120 2749 discriminis
2175 2690 2337 2750 inter

607 2788 1128 2866 comparationem
1166 2786 1422 2845 duarum
1466 2784 1878 2863 quantitatum
1922 2783 2123 2862 quoad
2166 2784 2336 2844 diffe-

606 2882 885 2955 rentiam,
931 2891 992 2940 et
1043 2880 1559 2959 comparationem
1608 2879 1938 2938 earundem
1988 2879 2191 2957 quoad
2239 2899 2335 2940 ra-

606 2976 857 3046 tionem,
894 2975 1262 3054 imperitiam
1305 2994 1476 3034 suam
1520 2973 1788 3033 ostendit
1830 2974 2015 3033 etiam
2057 2974 2333 3053 amplius.

609 3069 771 3128 Nam
817 3090 957 3129 cum
1007 3068 1327 3128 ostendere
1375 3067 1623 3126 deberet
1675 3067 2042 3127 differentias
2093 3067 2336 3147 quanti-

608 3171 804 3222 tatum
834 3181 1190 3222 excessuum
1212 3162 1307 3220 vel
1337 3160 1717 3220 residuorum
1747 3181 1876 3220 esse
1905 3163 2332 3240 homogeneaS‚

608 3255 874 3315 ostendit
898 3266 1139 3315 tantum
1161 3255 1292 3333 ipsa
1315 3261 1567 3334 quanta,
1598 3274 1815 3333 nempe
1845 3274 2125 3315 excessus
2148 3264 2211 3314 et
2240 3275 2334 3314 re-

606 3349 798 3423 sidua,
818 3369 947 3409 esse
968 3349 1364 3427 homogenea.
1412 3348 1624 3407 Nescit
1653 3350 1813 3408 enim
1846 3349 2216 3427 distinguere
2244 3349 2331 3408 in-

605 3454 702 3505 ter
731 3452 1017 3524 quantam
1048 3453 1109 3502 et
1148 3442 1566 3522 quantitatem.
1660 3443 1961 3517 SecundO,
1994 3463 2133 3503 cum
2167 3442 2332 3502 dicat

605 3539 711 3599 ubi
730 3547 929 3599 autem
949 3537 1335 3618 comparatio
1338 3538 1428 3614 fit
1449 3538 1657 3617 quoad
1668 3538 1980 3611 rationem,
1993 3558 2128 3618 quoe
2146 3557 2330 3595 emer-

602 3643 716 3714 get
744 3633 910 3694 ratio
941 3640 1427 3714 comparatorum
1450 3653 1646 3712 genas
1675 3654 1790 3692 non
1818 3652 1968 3692 raro
1997 3631 2249 3704 deserit,
2269 3638 2332 3689 et
