2462 4120
641 371 1111 413 PROBLEMATA
1145 371 1471 413 PHYSICA.
1809 363 1927 416 359

276 512 357 572 A.
405 511 469 571 Si
498 512 586 569 ita
610 519 721 582 est,
754 529 878 568 non
909 529 1062 587 opus
1093 516 1184 567 est
1215 518 1286 567 ut
1318 518 1379 567 te
1418 509 1792 589 interrogem
1823 532 1932 573 cur
2004 539 2115 571 CAP.
2143 539 2234 573 vn.

190 607 476 667 limatura
514 605 681 678 ferri,
726 604 1014 682 imposita
1061 603 1334 681 magneti
1376 603 1441 661 in
1482 603 1772 665 distantia
1800 609 1931 685 qui-
1956 597 2240 690 Dm

192 703 333 762 dem
377 703 453 761 ab
504 701 694 779 ipsius
739 700 896 779 polis
940 698 1231 777 utrinque
1278 699 1517 776 aequali,
1559 701 1788 777 jacebit
1832 704 1931 762 axi
1954 698 2195 744 Peuffifflssafi’
2220 703 2288 734 ew·

190 796 514 876 parallela:
544 796 608 854 in
638 795 770 855 aliis
801 804 1007 854 autem
1030 795 1181 853 locis
1204 794 1599 852 inclinabitur
1622 795 1699 854 ad
1724 796 1932 874 polum

192 892 492 970 magnetis
537 891 651 950 sibi
696 891 1063 969 proximum.
1151 889 1284 948 Nec
1326 909 1534 967 quare,
1575 889 1625 948 si
1671 891 1932 951 obelisco

191 985 388 1045 ferreo
418 1005 667 1064 magnes
707 985 1020 1044 affricetur
1055 983 1247 1043 ductu
1289 983 1604 1056 continuO,
1638 985 1934 1045 obeliscus

191 1081 293 1141 ille
322 1079 569 1139 eosdem
600 1079 851 1138 habebit
879 1078 1069 1157 polos,
1186 1077 1402 1156 Neque
1442 1097 1552 1137 cur
1592 1098 1842 1156 magnes
1874 1090 1937 1138 et

191 1176 442 1247 ferrum,
474 1175 600 1233 sive
647 1174 769 1233 duo
808 1175 1146 1252 magneteS‚¹
1176 1192 1359 1251 super
1396 1192 1617 1251 aquam
1653 1183 1937 1233 natantes

193 1270 351 1330 alter
379 1269 459 1328 ad
488 1269 749 1328 alterum
778 1268 865 1328 ita
894 1288 958 1327 se
1005 1266 1289 1346 applicet,
1320 1277 1392 1326 ut
1432 1287 1646 1326 eorum
1687 1267 1815 1326 axis
1858 1269 1939 1327 sit

195 1363 557 1437 communiS‚
609 1374 670 1423 et
724 1363 851 1442 poli
901 1363 1127 1422 similes
1184 1363 1248 1421 in
1309 1362 1567 1422 eandem
1625 1363 1939 1442 regionem

197 1467 511 1537 spectent3
557 1467 620 1518 et
649 1478 758 1537 per
793 1477 1170 1537 consequens
1206 1456 1431 1517 similes
1459 1458 1587 1536 poli
1617 1478 1680 1518 se
1726 1467 1940 1518 mutuo

197 1553 515 1633 repellant.
622 1553 782 1613 Nam
816 1553 1022 1613 omnia
1052 1553 1186 1613 haec
1218 1553 1364 1612 oriri
1412 1563 1670 1632 possunt
1700 1554 1775 1613 ab
1806 1553 1941 1612 uni-

199 1668 314 1708 one
340 1658 635 1709 motuum.

912 2632 1242 2654 ¹³
