<?xml version="1.0" encoding="UTF-8"?>
<!DOCTYPE html PUBLIC "-//W3C//DTD XHTML 1.0 Transitional//EN"
    "http://www.w3.org/TR/xhtml1/DTD/xhtml1-transitional.dtd">
<html xmlns="http://www.w3.org/1999/xhtml" xml:lang="en" lang="en">
 <head>
  <title>
</title>
<meta http-equiv="Content-Type" content="text/html;charset=utf-8" />
  <meta name='ocr-system' content='tesseract 3.04.00' />
  <meta name='ocr-capabilities' content='ocr_page ocr_carea ocr_par ocr_line ocrx_word'/>
</head>
<body>
  <div class='ocr_page' id='page_1' title='image "./operaphilosophic04hobbuoft_0023.png"; bbox 0 0 2522 4152; ppageno 0'>
   <div class='ocr_carea' id='block_1_1' title="bbox 652 387 2010 444">
    <p class='ocr_par' dir='ltr' id='par_1_1' title="bbox 652 387 2010 444">
     <span class='ocr_line' id='line_1_1' title="bbox 652 387 2010 444; baseline -0.003 0"><span class='ocrx_word' id='word_1_1' title='bbox 652 399 1174 444; x_wconf 85' lang='lat' dir='ltr'><strong>MATHEMATICAE</strong></span> <span class='ocrx_word' id='word_1_2' title='bbox 1210 399 1615 442; x_wconf 79' lang='lat' dir='ltr'><strong>HomERNAE.</strong></span> <span class='ocrx_word' id='word_1_3' title='bbox 1945 387 2010 440; x_wconf 93' lang='lat' dir='ltr'><strong>ll</strong></span> 
     </span>
    </p>
   </div>
   <div class='ocr_carea' id='block_1_2' title="bbox 282 538 2331 1368">
    <p class='ocr_par' dir='ltr' id='par_1_2' title="bbox 282 538 2331 814">
     <span class='ocr_line' id='line_1_2' title="bbox 283 538 2331 628; baseline -0.008 -21"><span class='ocrx_word' id='word_1_4' title='bbox 283 563 601 628; x_wconf 83' lang='lat' dir='ltr'><strong>processus</strong></span> <span class='ocrx_word' id='word_1_5' title='bbox 653 562 865 602; x_wconf 92' lang='lat' dir='ltr'><strong>eorum</strong></span> <span class='ocrx_word' id='word_1_6' title='bbox 915 558 1153 618; x_wconf 83' lang='lat' dir='ltr'><strong>semper</strong></span> <span class='ocrx_word' id='word_1_7' title='bbox 1211 538 1453 612; x_wconf 83' lang='lat' dir='ltr'><strong>desinit,</strong></span> <span class='ocrx_word' id='word_1_8' title='bbox 1498 551 1568 600; x_wconf 92' lang='lat' dir='ltr'><strong>ut</strong></span> <span class='ocrx_word' id='word_1_9' title='bbox 1617 540 2021 620; x_wconf 81' lang='lat' dir='ltr'><strong>pronuntient</strong></span> <span class='ocrx_word' id='word_1_10' title='bbox 2081 558 2331 626; x_wconf 57' lang='lat' dir='ltr'><strong>n1A130Gns</strong></span> 
     </span>
     <span class='ocr_line' id='line_1_3' title="bbox 282 627 2330 721; baseline -0.003 -21"><span class='ocrx_word' id='word_1_11' title='bbox 282 640 616 721; x_wconf 84' lang='lat' dir='ltr'><strong>problema,</strong></span> <span class='ocrx_word' id='word_1_12' title='bbox 647 638 819 716; x_wconf 89' lang='lat' dir='ltr'><strong>cujus</strong></span> <span class='ocrx_word' id='word_1_13' title='bbox 864 634 1381 695; x_wconf 85' lang='lat' dir='ltr'><strong>constructionem</strong></span> <span class='ocrx_word' id='word_1_14' title='bbox 1414 644 1693 712; x_wconf 80' lang='lat' dir='ltr'><strong>quaerunt</strong></span> <span class='ocrx_word' id='word_1_15' title='bbox 1736 656 1848 715; x_wconf 91' lang='lat' dir='ltr'><strong>per</strong></span> <span class='ocrx_word' id='word_1_16' title='bbox 1886 656 2020 695; x_wconf 91' lang='lat' dir='ltr'><strong>eam</strong></span> <span class='ocrx_word' id='word_1_17' title='bbox 2090 687 2100 699; x_wconf 80' lang='grc'>,</span> <span class='ocrx_word' id='word_1_18' title='bbox 2188 627 2223 678; x_wconf 81' lang='lat'><strong>=¹·</strong></span> <span class='ocrx_word' id='word_1_19' title='bbox 2316 682 2330 696; x_wconf 81' lang='grc'><em>,</em></span> 
     </span>
     <span class='ocr_line' id='line_1_4' title="bbox 282 729 2022 814; baseline -0.002 -19"><span class='ocrx_word' id='word_1_20' title='bbox 282 733 686 814; x_wconf 85' lang='lat' dir='ltr'><strong>geometriam</strong></span> <span class='ocrx_word' id='word_1_21' title='bbox 718 751 854 810; x_wconf 84' lang='lat' dir='ltr'><strong>quae</strong></span> <span class='ocrx_word' id='word_1_22' title='bbox 886 750 1049 789; x_wconf 89' lang='lat' dir='ltr'><strong>nunc</strong></span> <span class='ocrx_word' id='word_1_23' title='bbox 1082 738 1270 803; x_wconf 85' lang='lat' dir='ltr'><strong>extat,</strong></span> <span class='ocrx_word' id='word_1_24' title='bbox 1301 748 1432 788; x_wconf 89' lang='lat' dir='ltr'><strong>esse</strong></span> <span class='ocrx_word' id='word_1_25' title='bbox 1461 729 1801 805; x_wconf 87' lang='lat' dir='ltr'><strong>insolubile,</strong></span> <span class='ocrx_word' id='word_1_26' title='bbox 1837 742 2022 810; x_wconf 89' lang='lat' dir='ltr'><strong>atque</strong></span> 
     </span>
    </p>

    <p class='ocr_par' dir='ltr' id='par_1_3' title="bbox 284 823 2023 907">
     <span class='ocr_line' id='line_1_5' title="bbox 284 823 2023 907; baseline -0.002 -17"><span class='ocrx_word' id='word_1_27' title='bbox 284 829 438 889; x_wconf 90' lang='lat' dir='ltr'><strong>adeo</strong></span> <span class='ocrx_word' id='word_1_28' title='bbox 469 848 621 907; x_wconf 91' lang='lat' dir='ltr'><strong>opus</strong></span> <span class='ocrx_word' id='word_1_29' title='bbox 651 847 782 886; x_wconf 89' lang='lat' dir='ltr'><strong>esse</strong></span> <span class='ocrx_word' id='word_1_30' title='bbox 827 825 907 885; x_wconf 92' lang='lat' dir='ltr'><strong>ad</strong></span> <span class='ocrx_word' id='word_1_31' title='bbox 951 823 1472 884; x_wconf 85' lang='lat' dir='ltr'><strong>constructionem</strong></span> <span class='ocrx_word' id='word_1_32' title='bbox 1502 824 1630 902; x_wconf 87' lang='lat' dir='ltr'><strong>ejus</strong></span> <span class='ocrx_word' id='word_1_33' title='bbox 1662 826 2023 903; x_wconf 91' lang='lat' dir='ltr'><strong>quibusdam</strong></span> 
     </span>
    </p>

    <p class='ocr_par' dir='ltr' id='par_1_4' title="bbox 285 917 1960 1001">
     <span class='ocr_line' id='line_1_6' title="bbox 285 917 1960 1001; baseline -0.004 -16"><span class='ocrx_word' id='word_1_34' title='bbox 285 925 420 985; x_wconf 85' lang='lat' dir='ltr'><strong>aliis</strong></span> <span class='ocrx_word' id='word_1_35' title='bbox 450 923 646 996; x_wconf 83' lang='lat' dir='ltr'><strong>lineiS,</strong></span> <span class='ocrx_word' id='word_1_36' title='bbox 674 941 811 1001; x_wconf 89' lang='lat' dir='ltr'><strong>quae</strong></span> <span class='ocrx_word' id='word_1_37' title='bbox 840 920 1009 980; x_wconf 90' lang='lat' dir='ltr'><strong>nulla</strong></span> <span class='ocrx_word' id='word_1_38' title='bbox 1039 929 1170 979; x_wconf 90' lang='lat' dir='ltr'><strong>arte</strong></span> <span class='ocrx_word' id='word_1_39' title='bbox 1200 926 1485 978; x_wconf 87' lang='lat' dir='ltr'><strong>accurate</strong></span> <span class='ocrx_word' id='word_1_40' title='bbox 1517 917 1658 977; x_wconf 93' lang='lat' dir='ltr'><strong>duci</strong></span> <span class='ocrx_word' id='word_1_41' title='bbox 1686 930 1960 997; x_wconf 89' lang='lat' dir='ltr'><strong>possunt.</strong></span> 
     </span>
    </p>

    <p class='ocr_par' dir='ltr' id='par_1_5' title="bbox 288 1012 2034 1368">
     <span class='ocr_line' id='line_1_7' title="bbox 370 1012 2034 1097; baseline -0.001 -21"><span class='ocrx_word' id='word_1_42' title='bbox 370 1017 445 1078; x_wconf 88' lang='lat' dir='ltr'><strong>A.</strong></span> <span class='ocrx_word' id='word_1_43' title='bbox 492 1019 794 1097; x_wconf 84' lang='lat' dir='ltr'><strong>Legamus</strong></span> <span class='ocrx_word' id='word_1_44' title='bbox 825 1035 972 1094; x_wconf 89' lang='lat' dir='ltr'><strong>ergo</strong></span> <span class='ocrx_word' id='word_1_45' title='bbox 1016 1012 1623 1074; x_wconf 71' lang='lat' dir='ltr'><strong>ulterius—Partim</strong></span> <span class='ocrx_word' id='word_1_46' title='bbox 1652 1013 1837 1072; x_wconf 88' lang='lat' dir='ltr'><strong>etiam</strong></span> <span class='ocrx_word' id='word_1_47' title='bbox 1867 1015 2034 1094; x_wconf 81' lang='lat' dir='ltr'><strong>quod</strong></span> 
     </span>
     <span class='ocr_line' id='line_1_8' title="bbox 289 1111 2030 1195; baseline -0.004 -17"><span class='ocrx_word' id='word_1_48' title='bbox 289 1116 714 1178; x_wconf 70' lang='lat' dir='ltr'><strong>arithmetices</strong></span> <span class='ocrx_word' id='word_1_49' title='bbox 733 1113 1041 1195; x_wconf 79' lang='lat' dir='ltr'><strong>pomoeria</strong></span> <span class='ocrx_word' id='word_1_50' title='bbox 1062 1121 1187 1172; x_wconf 87' lang='lat' dir='ltr'><strong>tam</strong></span> <span class='ocrx_word' id='word_1_51' title='bbox 1209 1111 1438 1171; x_wconf 79' lang='lat' dir='ltr'><strong>Stricta</strong></span> <span class='ocrx_word' id='word_1_52' title='bbox 1451 1111 1759 1190; x_wconf 78' lang='lat' dir='ltr'><strong>fecerint,</strong></span> <span class='ocrx_word' id='word_1_53' title='bbox 1783 1119 1851 1171; x_wconf 80' lang='lat' dir='ltr'><strong>ut</strong></span> <span class='ocrx_word' id='word_1_54' title='bbox 1868 1113 2030 1172; x_wconf 77' lang='lat' dir='ltr'><strong>veris</strong></span> 
     </span>
     <span class='ocr_line' id='line_1_9' title="bbox 288 1205 2031 1288; baseline -0.004 -16"><span class='ocrx_word' id='word_1_55' title='bbox 288 1211 578 1285; x_wconf 61' lang='lat' dir='ltr'><strong>numerio,</strong></span> <span class='ocrx_word' id='word_1_56' title='bbox 611 1208 1016 1270; x_wconf 74' lang='lat' dir='ltr'><strong>rationalibus</strong></span> <span class='ocrx_word' id='word_1_57' title='bbox 1054 1208 1299 1268; x_wconf 73' lang='lat' dir='ltr'><strong>scilicet</strong></span> <span class='ocrx_word' id='word_1_58' title='bbox 1348 1214 1408 1266; x_wconf 83' lang='lat' dir='ltr'><strong>et</strong></span> <span class='ocrx_word' id='word_1_59' title='bbox 1451 1205 1696 1287; x_wconf 81' lang='lat' dir='ltr'><strong>quidem</strong></span> <span class='ocrx_word' id='word_1_60' title='bbox 1745 1205 2031 1288; x_wconf 71' lang='lat' dir='ltr'><strong>integri-5³,</strong></span> 
     </span>
     <span class='ocr_line' id='line_1_10' title="bbox 291 1314 710 1368; baseline -0.002 0"><span class='ocrx_word' id='word_1_61' title='bbox 291 1314 710 1368; x_wconf 78' lang='lat' dir='ltr'><strong>coerceantur.</strong></span> 
     </span>
    </p>
   </div>
   <div class='ocr_carea' id='block_1_3' title="bbox 295 1397 2064 3758">
    <p class='ocr_par' dir='ltr' id='par_1_6' title="bbox 375 1397 1757 1478">
     <span class='ocr_line' id='line_1_11' title="bbox 375 1397 1757 1478; baseline -0.004 -16"><span class='ocrx_word' id='word_1_62' title='bbox 375 1402 458 1462; x_wconf 92' lang='lat' dir='ltr'><strong>B.</strong></span> <span class='ocrx_word' id='word_1_63' title='bbox 505 1400 818 1461; x_wconf 84' lang='lat' dir='ltr'><strong>Praevideo</strong></span> <span class='ocrx_word' id='word_1_64' title='bbox 849 1401 951 1460; x_wconf 91' lang='lat' dir='ltr'><strong>hic</strong></span> <span class='ocrx_word' id='word_1_65' title='bbox 983 1397 1133 1478; x_wconf 91' lang='lat' dir='ltr'><strong>quid</strong></span> <span class='ocrx_word' id='word_1_66' title='bbox 1161 1397 1643 1477; x_wconf 87' lang='lat' dir='ltr'><strong>reprehensurus</strong></span> <span class='ocrx_word' id='word_1_67' title='bbox 1675 1416 1757 1456; x_wconf 79' lang='lat' dir='ltr'><strong>es,</strong></span> 
     </span>
    </p>

    <p class='ocr_par' dir='ltr' id='par_1_7' title="bbox 378 1494 722 1557">
     <span class='ocr_line' id='line_1_12' title="bbox 378 1494 722 1557; baseline 0 -2"><span class='ocrx_word' id='word_1_68' title='bbox 378 1496 460 1557; x_wconf 83' lang='lat' dir='ltr'><strong>A.</strong></span> <span class='ocrx_word' id='word_1_69' title='bbox 510 1494 722 1556; x_wconf 75' lang='lat' dir='ltr'><strong>Quid?</strong></span> 
     </span>
    </p>

    <p class='ocr_par' dir='ltr' id='par_1_8' title="bbox 295 1585 2039 1840">
     <span class='ocr_line' id='line_1_13' title="bbox 382 1585 2039 1667; baseline -0.002 -17"><span class='ocrx_word' id='word_1_70' title='bbox 382 1591 462 1650; x_wconf 86' lang='lat' dir='ltr'><strong>B.</strong></span> <span class='ocrx_word' id='word_1_71' title='bbox 510 1588 693 1651; x_wconf 74' lang='lat' dir='ltr'><strong>Quod</strong></span> <span class='ocrx_word' id='word_1_72' title='bbox 723 1588 1172 1648; x_wconf 88' lang='lat' dir='ltr'><strong>arithmeticam</strong></span> <span class='ocrx_word' id='word_1_73' title='bbox 1202 1588 1432 1664; x_wconf 84' lang='lat' dir='ltr'><strong>versari</strong></span> <span class='ocrx_word' id='word_1_74' title='bbox 1464 1597 1642 1667; x_wconf 90' lang='lat' dir='ltr'><strong>putet</strong></span> <span class='ocrx_word' id='word_1_75' title='bbox 1680 1588 1843 1647; x_wconf 89' lang='lat' dir='ltr'><strong>circa</strong></span> <span class='ocrx_word' id='word_1_76' title='bbox 1873 1585 2039 1645; x_wconf 88' lang='lat' dir='ltr'><strong>aliud</strong></span> 
     </span>
     <span class='ocr_line' id='line_1_14' title="bbox 295 1683 2038 1766; baseline -0.003 -20"><span class='ocrx_word' id='word_1_77' title='bbox 295 1695 519 1766; x_wconf 86' lang='lat' dir='ltr'><strong>praeter</strong></span> <span class='ocrx_word' id='word_1_78' title='bbox 540 1703 846 1744; x_wconf 79' lang='lat' dir='ltr'><strong>numeros,</strong></span> <span class='ocrx_word' id='word_1_79' title='bbox 935 1684 1098 1743; x_wconf 89' lang='lat' dir='ltr'><strong>Nam</strong></span> <span class='ocrx_word' id='word_1_80' title='bbox 1123 1683 1228 1762; x_wconf 91' lang='lat' dir='ltr'><strong>qui</strong></span> <span class='ocrx_word' id='word_1_81' title='bbox 1251 1702 1540 1743; x_wconf 89' lang='lat' dir='ltr'><strong>numerus</strong></span> <span class='ocrx_word' id='word_1_82' title='bbox 1564 1703 1744 1743; x_wconf 89' lang='lat' dir='ltr'><strong>verus</strong></span> <span class='ocrx_word' id='word_1_83' title='bbox 1767 1702 1892 1742; x_wconf 92' lang='lat' dir='ltr'><strong>non</strong></span> <span class='ocrx_word' id='word_1_84' title='bbox 1926 1691 2038 1755; x_wconf 89' lang='lat' dir='ltr'><strong>est,</strong></span> 
     </span>
     <span class='ocr_line' id='line_1_15' title="bbox 298 1780 1168 1840; baseline -0.001 0"><span class='ocrx_word' id='word_1_85' title='bbox 298 1780 548 1840; x_wconf 90' lang='lat' dir='ltr'><strong>omnino</strong></span> <span class='ocrx_word' id='word_1_86' title='bbox 576 1799 703 1839; x_wconf 92' lang='lat' dir='ltr'><strong>non</strong></span> <span class='ocrx_word' id='word_1_87' title='bbox 735 1788 830 1838; x_wconf 90' lang='lat' dir='ltr'><strong>est</strong></span> <span class='ocrx_word' id='word_1_88' title='bbox 859 1799 1168 1839; x_wconf 65' lang='lat' dir='ltr'><strong>numerus</strong></span> 
     </span>
    </p>

    <p class='ocr_par' dir='ltr' id='par_1_9' title="bbox 298 1873 2064 3758">
     <span class='ocr_line' id='line_1_16' title="bbox 379 1873 2041 1954; baseline -0.002 -19"><span class='ocrx_word' id='word_1_89' title='bbox 379 1873 458 1935; x_wconf 88' lang='lat' dir='ltr'><strong>A.</strong></span> <span class='ocrx_word' id='word_1_90' title='bbox 504 1876 716 1935; x_wconf 90' lang='lat' dir='ltr'><strong>Recte.</strong></span> <span class='ocrx_word' id='word_1_91' title='bbox 806 1875 928 1935; x_wconf 88' lang='lat' dir='ltr'><strong>Sed</strong></span> <span class='ocrx_word' id='word_1_92' title='bbox 974 1885 1037 1935; x_wconf 91' lang='lat' dir='ltr'><strong>et</strong></span> <span class='ocrx_word' id='word_1_93' title='bbox 1085 1874 1237 1934; x_wconf 91' lang='lat' dir='ltr'><strong>illud</strong></span> <span class='ocrx_word' id='word_1_94' title='bbox 1277 1894 1518 1954; x_wconf 91' lang='lat' dir='ltr'><strong>quoque</strong></span> <span class='ocrx_word' id='word_1_95' title='bbox 1561 1873 2041 1952; x_wconf 87' lang='lat' dir='ltr'><strong>reprehensurus</strong></span> 
     </span>
     <span class='ocr_line' id='line_1_17' title="bbox 299 1968 2042 2049; baseline -0.002 -18"><span class='ocrx_word' id='word_1_96' title='bbox 299 1991 486 2043; x_wconf 90' lang='lat' dir='ltr'><strong>eram,</strong></span> <span class='ocrx_word' id='word_1_97' title='bbox 518 1969 683 2049; x_wconf 92' lang='lat' dir='ltr'><strong>quod</strong></span> <span class='ocrx_word' id='word_1_98' title='bbox 733 1970 997 2049; x_wconf 85' lang='lat' dir='ltr'><strong>explicet</strong></span> <span class='ocrx_word' id='word_1_99' title='bbox 1039 1970 1143 2048; x_wconf 93' lang='lat' dir='ltr'><strong>qui</strong></span> <span class='ocrx_word' id='word_1_100' title='bbox 1194 1970 1316 2030; x_wconf 91' lang='lat' dir='ltr'><strong>sint</strong></span> <span class='ocrx_word' id='word_1_101' title='bbox 1344 1989 1488 2030; x_wconf 88' lang='lat' dir='ltr'><strong>vere</strong></span> <span class='ocrx_word' id='word_1_102' title='bbox 1523 1968 1765 2029; x_wconf 89' lang='lat' dir='ltr'><strong>numeri</strong></span> <span class='ocrx_word' id='word_1_103' title='bbox 1794 1989 1904 2049; x_wconf 89' lang='lat' dir='ltr'><strong>per</strong></span> <span class='ocrx_word' id='word_1_104' title='bbox 1934 1989 2042 2027; x_wconf 86' lang='lat' dir='ltr'><strong>ra-</strong></span> 
     </span>
     <span class='ocr_line' id='line_1_18' title="bbox 301 2063 2045 2146; baseline -0.001 -20"><span class='ocrx_word' id='word_1_105' title='bbox 301 2064 567 2126; x_wconf 74' lang='lat' dir='ltr'><strong>tionales</strong></span> <span class='ocrx_word' id='word_1_106' title='bbox 625 2073 687 2124; x_wconf 89' lang='lat' dir='ltr'><strong>et</strong></span> <span class='ocrx_word' id='word_1_107' title='bbox 737 2065 980 2146; x_wconf 82' lang='lat' dir='ltr'><strong>quidem</strong></span> <span class='ocrx_word' id='word_1_108' title='bbox 1027 2066 1329 2146; x_wconf 74' lang='lat' dir='ltr'><strong>integros,</strong></span> <span class='ocrx_word' id='word_1_109' title='bbox 1416 2066 1576 2125; x_wconf 89' lang='lat' dir='ltr'><strong>Nam</strong></span> <span class='ocrx_word' id='word_1_110' title='bbox 1622 2084 1912 2125; x_wconf 89' lang='lat' dir='ltr'><strong>numerus</strong></span> <span class='ocrx_word' id='word_1_111' title='bbox 1965 2063 2045 2124; x_wconf 93' lang='lat' dir='ltr'><strong>ad</strong></span> 
     </span>
     <span class='ocr_line' id='line_1_19' title="bbox 298 2160 2046 2240; baseline -0.001 -20"><span class='ocrx_word' id='word_1_112' title='bbox 298 2180 625 2221; x_wconf 89' lang='lat' dir='ltr'><strong>numerum</strong></span> <span class='ocrx_word' id='word_1_113' title='bbox 681 2160 1054 2220; x_wconf 89' lang='lat' dir='ltr'><strong>irrationalis</strong></span> <span class='ocrx_word' id='word_1_114' title='bbox 1113 2179 1244 2220; x_wconf 90' lang='lat' dir='ltr'><strong>esse</strong></span> <span class='ocrx_word' id='word_1_115' title='bbox 1302 2181 1429 2220; x_wconf 91' lang='lat' dir='ltr'><strong>non</strong></span> <span class='ocrx_word' id='word_1_116' title='bbox 1478 2169 1701 2240; x_wconf 91' lang='lat' dir='ltr'><strong>potest,</strong></span> <span class='ocrx_word' id='word_1_117' title='bbox 1754 2160 2046 2239; x_wconf 89' lang='lat' dir='ltr'><strong>quoniam</strong></span> 
     </span>
     <span class='ocr_line' id='line_1_20' title="bbox 303 2255 2046 2335; baseline -0.001 -19"><span class='ocrx_word' id='word_1_118' title='bbox 303 2275 515 2316; x_wconf 92' lang='lat' dir='ltr'><strong>omnes</strong></span> <span class='ocrx_word' id='word_1_119' title='bbox 558 2255 812 2315; x_wconf 90' lang='lat' dir='ltr'><strong>metitur</strong></span> <span class='ocrx_word' id='word_1_120' title='bbox 860 2256 1089 2315; x_wconf 74' lang='lat' dir='ltr'><strong>unitas,</strong></span> <span class='ocrx_word' id='word_1_121' title='bbox 1179 2256 1381 2317; x_wconf 75' lang='lat' dir='ltr'><strong>Quem</strong></span> <span class='ocrx_word' id='word_1_122' title='bbox 1411 2276 1558 2335; x_wconf 90' lang='lat' dir='ltr'><strong>ergo</strong></span> <span class='ocrx_word' id='word_1_123' title='bbox 1588 2256 1690 2316; x_wconf 90' lang='lat' dir='ltr'><strong>ille</strong></span> <span class='ocrx_word' id='word_1_124' title='bbox 1720 2275 2046 2317; x_wconf 88' lang='lat' dir='ltr'><strong>numerum</strong></span> 
     </span>
     <span class='ocr_line' id='line_1_21' title="bbox 304 2350 2047 2430; baseline -0.001 -20"><span class='ocrx_word' id='word_1_125' title='bbox 304 2371 420 2410; x_wconf 87' lang='lat' dir='ltr'><strong>non</strong></span> <span class='ocrx_word' id='word_1_126' title='bbox 454 2370 677 2423; x_wconf 83' lang='lat' dir='ltr'><strong>verum,</strong></span> <span class='ocrx_word' id='word_1_127' title='bbox 727 2360 789 2410; x_wconf 88' lang='lat' dir='ltr'><strong>et</strong></span> <span class='ocrx_word' id='word_1_128' title='bbox 835 2350 939 2409; x_wconf 91' lang='lat' dir='ltr'><strong>alii</strong></span> <span class='ocrx_word' id='word_1_129' title='bbox 984 2350 1236 2410; x_wconf 75' lang='lat' dir='ltr'><strong>sardum</strong></span> <span class='ocrx_word' id='word_1_130' title='bbox 1281 2350 1513 2424; x_wconf 88' lang='lat' dir='ltr'><strong>dicunt,</strong></span> <span class='ocrx_word' id='word_1_131' title='bbox 1547 2351 1856 2430; x_wconf 89' lang='lat' dir='ltr'><strong>quantitas</strong></span> <span class='ocrx_word' id='word_1_132' title='bbox 1901 2370 2047 2410; x_wconf 92' lang='lat' dir='ltr'><strong>con-</strong></span> 
     </span>
     <span class='ocr_line' id='line_1_22' title="bbox 304 2444 2049 2525; baseline 0.001 -21"><span class='ocrx_word' id='word_1_133' title='bbox 304 2445 479 2505; x_wconf 89' lang='lat' dir='ltr'><strong>tinua</strong></span> <span class='ocrx_word' id='word_1_134' title='bbox 507 2455 621 2518; x_wconf 88' lang='lat' dir='ltr'><strong>est,</strong></span> <span class='ocrx_word' id='word_1_135' title='bbox 654 2454 716 2505; x_wconf 91' lang='lat' dir='ltr'><strong>et</strong></span> <span class='ocrx_word' id='word_1_136' title='bbox 744 2446 1036 2525; x_wconf 88' lang='lat' dir='ltr'><strong>pertinet,</strong></span> <span class='ocrx_word' id='word_1_137' title='bbox 1067 2467 1192 2506; x_wconf 93' lang='lat' dir='ltr'><strong>non</strong></span> <span class='ocrx_word' id='word_1_138' title='bbox 1222 2446 1300 2506; x_wconf 91' lang='lat' dir='ltr'><strong>ad</strong></span> <span class='ocrx_word' id='word_1_139' title='bbox 1328 2447 1798 2519; x_wconf 88' lang='lat' dir='ltr'><strong>arithmeticam,</strong></span> <span class='ocrx_word' id='word_1_140' title='bbox 1831 2445 1939 2506; x_wconf 92' lang='lat' dir='ltr'><strong>sed</strong></span> <span class='ocrx_word' id='word_1_141' title='bbox 1970 2444 2049 2505; x_wconf 89' lang='lat' dir='ltr'><strong>ad</strong></span> 
     </span>
     <span class='ocr_line' id='line_1_23' title="bbox 306 2541 2050 2619; baseline 0.001 -20"><span class='ocrx_word' id='word_1_142' title='bbox 306 2541 726 2619; x_wconf 84' lang='lat' dir='ltr'><strong>geometriam.</strong></span> <span class='ocrx_word' id='word_1_143' title='bbox 815 2542 1118 2601; x_wconf 82' lang='lat' dir='ltr'><strong>Praeterea</strong></span> <span class='ocrx_word' id='word_1_144' title='bbox 1161 2562 1287 2601; x_wconf 93' lang='lat' dir='ltr'><strong>non</strong></span> <span class='ocrx_word' id='word_1_145' title='bbox 1330 2552 1496 2601; x_wconf 89' lang='lat' dir='ltr'><strong>recte</strong></span> <span class='ocrx_word' id='word_1_146' title='bbox 1526 2562 1564 2601; x_wconf 92' lang='lat' dir='ltr'><strong>a</strong></span> <span class='ocrx_word' id='word_1_147' title='bbox 1591 2542 1751 2601; x_wconf 89' lang='lat' dir='ltr'><strong>veris</strong></span> <span class='ocrx_word' id='word_1_148' title='bbox 1780 2541 2050 2601; x_wconf 87' lang='lat' dir='ltr'><strong>numeris</strong></span> 
     </span>
     <span class='ocr_line' id='line_1_24' title="bbox 309 2634 2052 2716; baseline 0.001 -22"><span class='ocrx_word' id='word_1_149' title='bbox 309 2634 633 2714; x_wconf 86' lang='lat' dir='ltr'><strong>distinguit</strong></span> <span class='ocrx_word' id='word_1_150' title='bbox 660 2635 1011 2696; x_wconf 78' lang='lat' dir='ltr'><strong>fractiones,</strong></span> <span class='ocrx_word' id='word_1_151' title='bbox 1101 2636 1468 2716; x_wconf 77' lang='lat' dir='ltr'><strong>Quanquam</strong></span> <span class='ocrx_word' id='word_1_152' title='bbox 1493 2637 1656 2696; x_wconf 87' lang='lat' dir='ltr'><strong>enim</strong></span> <span class='ocrx_word' id='word_1_153' title='bbox 1686 2637 1924 2697; x_wconf 91' lang='lat' dir='ltr'><strong>soleant</strong></span> <span class='ocrx_word' id='word_1_154' title='bbox 1948 2656 2052 2715; x_wconf 90' lang='lat' dir='ltr'><strong>ap-</strong></span> 
     </span>
     <span class='ocr_line' id='line_1_25' title="bbox 308 2729 2052 2811; baseline 0 -22"><span class='ocrx_word' id='word_1_155' title='bbox 308 2729 523 2809; x_wconf 88' lang='lat' dir='ltr'><strong>pellari</strong></span> <span class='ocrx_word' id='word_1_156' title='bbox 551 2731 791 2790; x_wconf 90' lang='lat' dir='ltr'><strong>numeri</strong></span> <span class='ocrx_word' id='word_1_157' title='bbox 818 2731 1018 2805; x_wconf 87' lang='lat' dir='ltr'><strong>fracti,</strong></span> <span class='ocrx_word' id='word_1_158' title='bbox 1038 2751 1163 2791; x_wconf 91' lang='lat' dir='ltr'><strong>non</strong></span> <span class='ocrx_word' id='word_1_159' title='bbox 1188 2742 1394 2791; x_wconf 91' lang='lat' dir='ltr'><strong>tamen</strong></span> <span class='ocrx_word' id='word_1_160' title='bbox 1417 2752 1708 2792; x_wconf 89' lang='lat' dir='ltr'><strong>numerus</strong></span> <span class='ocrx_word' id='word_1_161' title='bbox 1726 2731 2052 2811; x_wconf 88' lang='lat' dir='ltr'><strong>frangitur,</strong></span> 
     </span>
     <span class='ocr_line' id='line_1_26' title="bbox 313 2823 2053 2907; baseline 0.001 -22"><span class='ocrx_word' id='word_1_162' title='bbox 313 2823 422 2885; x_wconf 91' lang='lat' dir='ltr'><strong>sed</strong></span> <span class='ocrx_word' id='word_1_163' title='bbox 466 2844 563 2885; x_wconf 91' lang='lat' dir='ltr'><strong>res</strong></span> <span class='ocrx_word' id='word_1_164' title='bbox 608 2825 672 2884; x_wconf 93' lang='lat' dir='ltr'><strong>in</strong></span> <span class='ocrx_word' id='word_1_165' title='bbox 719 2845 924 2885; x_wconf 89' lang='lat' dir='ltr'><strong>rerum</strong></span> <span class='ocrx_word' id='word_1_166' title='bbox 971 2846 1314 2887; x_wconf 90' lang='lat' dir='ltr'><strong>numerum.</strong></span> <span class='ocrx_word' id='word_1_167' title='bbox 1402 2827 1620 2907; x_wconf 89' lang='lat' dir='ltr'><strong>Itaque</strong></span> <span class='ocrx_word' id='word_1_168' title='bbox 1667 2827 1804 2887; x_wconf 88' lang='lat' dir='ltr'><strong>duae</strong></span> <span class='ocrx_word' id='word_1_169' title='bbox 1853 2826 2053 2886; x_wconf 83' lang='lat' dir='ltr'><strong>unciae</strong></span> 
     </span>
     <span class='ocr_line' id='line_1_27' title="bbox 313 2919 2053 3001; baseline 0.001 -23"><span class='ocrx_word' id='word_1_170' title='bbox 313 2938 440 2978; x_wconf 89' lang='lat' dir='ltr'><strong>non</strong></span> <span class='ocrx_word' id='word_1_171' title='bbox 486 2919 686 2979; x_wconf 92' lang='lat' dir='ltr'><strong>minus</strong></span> <span class='ocrx_word' id='word_1_172' title='bbox 737 2940 1027 2980; x_wconf 91' lang='lat' dir='ltr'><strong>numerus</strong></span> <span class='ocrx_word' id='word_1_173' title='bbox 1064 2941 1244 2981; x_wconf 90' lang='lat' dir='ltr'><strong>verus</strong></span> <span class='ocrx_word' id='word_1_174' title='bbox 1295 2931 1409 2994; x_wconf 93' lang='lat' dir='ltr'><strong>est,</strong></span> <span class='ocrx_word' id='word_1_175' title='bbox 1459 2943 1637 3001; x_wconf 90' lang='lat' dir='ltr'><strong>quam</strong></span> <span class='ocrx_word' id='word_1_176' title='bbox 1694 2922 1814 2982; x_wconf 91' lang='lat' dir='ltr'><strong>duo</strong></span> <span class='ocrx_word' id='word_1_177' title='bbox 1867 2941 2053 2981; x_wconf 83' lang='lat' dir='ltr'><strong>asseS.</strong></span> 
     </span>
     <span class='ocr_line' id='line_1_28' title="bbox 318 3012 2057 3096; baseline 0.002 -24"><span class='ocrx_word' id='word_1_178' title='bbox 318 3012 719 3074; x_wconf 87' lang='lat' dir='ltr'><strong>Desideratur</strong></span> <span class='ocrx_word' id='word_1_179' title='bbox 762 3035 908 3094; x_wconf 91' lang='lat' dir='ltr'><strong>ergo</strong></span> <span class='ocrx_word' id='word_1_180' title='bbox 954 3015 1054 3075; x_wconf 87' lang='lat' dir='ltr'><strong>hic</strong></span> <span class='ocrx_word' id='word_1_181' title='bbox 1085 3028 1298 3095; x_wconf 74' lang='grc' dir='ltr'>ἀκρίβεια</span> <span class='ocrx_word' id='word_1_182' title='bbox 1338 3016 1462 3089; x_wconf 90' lang='lat' dir='ltr'><strong>illa,</strong></span> <span class='ocrx_word' id='word_1_183' title='bbox 1496 3037 1633 3096; x_wconf 80' lang='lat' dir='ltr'><strong>quae</strong></span> <span class='ocrx_word' id='word_1_184' title='bbox 1676 3027 1803 3077; x_wconf 91' lang='lat' dir='ltr'><strong>tam</strong></span> <span class='ocrx_word' id='word_1_185' title='bbox 1846 3036 2057 3076; x_wconf 91' lang='lat' dir='ltr'><strong>neces-</strong></span> 
     </span>
     <span class='ocr_line' id='line_1_29' title="bbox 321 3107 2058 3191; baseline 0.002 -26"><span class='ocrx_word' id='word_1_186' title='bbox 321 3107 478 3167; x_wconf 88' lang='lat' dir='ltr'><strong>saria</strong></span> <span class='ocrx_word' id='word_1_187' title='bbox 543 3117 636 3169; x_wconf 88' lang='lat' dir='ltr'><strong>est</strong></span> <span class='ocrx_word' id='word_1_188' title='bbox 690 3118 1046 3188; x_wconf 83' lang='lat' dir='ltr'><strong>geometrae,</strong></span> <span class='ocrx_word' id='word_1_189' title='bbox 1115 3130 1297 3189; x_wconf 90' lang='lat' dir='ltr'><strong>quam</strong></span> <span class='ocrx_word' id='word_1_190' title='bbox 1355 3111 1697 3191; x_wconf 89' lang='lat' dir='ltr'><strong>intelligere</strong></span> <span class='ocrx_word' id='word_1_191' title='bbox 1764 3122 1826 3171; x_wconf 88' lang='lat' dir='ltr'><strong>et</strong></span> <span class='ocrx_word' id='word_1_192' title='bbox 1888 3111 2058 3190; x_wconf 92' lang='lat' dir='ltr'><strong>loqui</strong></span> 
     </span>
     <span class='ocr_line' id='line_1_30' title="bbox 322 3201 2058 3286; baseline 0.003 -27"><span class='ocrx_word' id='word_1_193' title='bbox 322 3201 536 3261; x_wconf 90' lang='lat' dir='ltr'><strong>Latine</strong></span> <span class='ocrx_word' id='word_1_194' title='bbox 565 3204 936 3265; x_wconf 91' lang='lat' dir='ltr'><strong>academico.</strong></span> <span class='ocrx_word' id='word_1_195' title='bbox 1026 3204 1148 3265; x_wconf 84' lang='lat' dir='ltr'><strong>Sed</strong></span> <span class='ocrx_word' id='word_1_196' title='bbox 1176 3225 1474 3284; x_wconf 89' lang='lat' dir='ltr'><strong>perg0.—-</strong></span> <span class='ocrx_word' id='word_1_197' title='bbox 1488 3206 1569 3265; x_wconf 89' lang='lat' dir='ltr'><strong>Ut</strong></span> <span class='ocrx_word' id='word_1_198' title='bbox 1598 3226 1827 3286; x_wconf 74' lang='lat' dir='ltr'><strong>reapse</strong></span> <span class='ocrx_word' id='word_1_199' title='bbox 1855 3215 2058 3265; x_wconf 74' lang='lat' dir='ltr'><strong>osten-</strong></span> 
     </span>
     <span class='ocr_line' id='line_1_31' title="bbox 325 3295 2059 3381; baseline 0.002 -28"><span class='ocrx_word' id='word_1_200' title='bbox 325 3295 467 3354; x_wconf 83' lang='lat' dir='ltr'><strong>dam</strong></span> <span class='ocrx_word' id='word_1_201' title='bbox 494 3297 679 3356; x_wconf 87' lang='lat' dir='ltr'><strong>etiam</strong></span> <span class='ocrx_word' id='word_1_202' title='bbox 691 3299 1070 3379; x_wconf 81' lang='lat' dir='ltr'><strong>geometrica</strong></span> <span class='ocrx_word' id='word_1_203' title='bbox 1081 3299 1496 3380; x_wconf 77' lang='lat' dir='ltr'><strong>problemata,</strong></span> <span class='ocrx_word' id='word_1_204' title='bbox 1518 3309 1816 3381; x_wconf 74' lang='lat' dir='ltr'><strong>qnatenus</strong></span> <span class='ocrx_word' id='word_1_205' title='bbox 1840 3299 2059 3359; x_wconf 70' lang='lat' dir='ltr'><strong>saltem</strong></span> 
     </span>
     <span class='ocr_line' id='line_1_32' title="bbox 326 3390 2060 3474; baseline 0.002 -27"><span class='ocrx_word' id='word_1_206' title='bbox 326 3410 367 3448; x_wconf 90' lang='lat' dir='ltr'><strong>a</strong></span> <span class='ocrx_word' id='word_1_207' title='bbox 404 3390 718 3468; x_wconf 76' lang='lat' dir='ltr'><strong>positione</strong></span> <span class='ocrx_word' id='word_1_208' title='bbox 762 3395 890 3454; x_wconf 72' lang='lat' dir='ltr'><strong>Sive</strong></span> <span class='ocrx_word' id='word_1_209' title='bbox 934 3395 1122 3455; x_wconf 87' lang='lat' dir='ltr'><strong>locali</strong></span> <span class='ocrx_word' id='word_1_210' title='bbox 1159 3395 1286 3454; x_wconf 72' lang='lat' dir='ltr'><strong>Sita</strong></span> <span class='ocrx_word' id='word_1_211' title='bbox 1323 3395 1712 3469; x_wconf 74' lang='lat' dir='ltr'><strong>abstrabunt,</strong></span> <span class='ocrx_word' id='word_1_212' title='bbox 1744 3417 1783 3454; x_wconf 92' lang='lat' dir='ltr'><strong>a</strong></span> <span class='ocrx_word' id='word_1_213' title='bbox 1813 3393 2060 3474; x_wconf 84' lang='lat' dir='ltr'><strong>princi-</strong></span> 
     </span>
     <span class='ocr_line' id='line_1_33' title="bbox 316 3482 2062 3569; baseline 0.002 -29"><span class='ocrx_word' id='word_1_214' title='bbox 316 3482 454 3564; x_wconf 68' lang='lat' dir='ltr'><strong>pii-s·</strong></span> <span class='ocrx_word' id='word_1_215' title='bbox 484 3484 895 3547; x_wconf 74' lang='lat' dir='ltr'><strong>arithmeticis</strong></span> <span class='ocrx_word' id='word_1_216' title='bbox 917 3488 1017 3548; x_wconf 85' lang='lat' dir='ltr'><strong>vel</strong></span> <span class='ocrx_word' id='word_1_217' title='bbox 1042 3488 1304 3548; x_wconf 70' lang='lat' dir='ltr'><strong>maxime</strong></span> <span class='ocrx_word' id='word_1_218' title='bbox 1329 3489 1712 3569; x_wconf 77' lang='lat' dir='ltr'><strong>dependere:</strong></span> <span class='ocrx_word' id='word_1_219' title='bbox 1737 3497 1798 3547; x_wconf 87' lang='lat' dir='ltr'><strong>et</strong></span> <span class='ocrx_word' id='word_1_220' title='bbox 1820 3487 2062 3567; x_wconf 80' lang='lat' dir='ltr'><strong>quidem</strong></span> 
     </span>
     <span class='ocr_line' id='line_1_34' title="bbox 331 3579 2061 3663; baseline 0.002 -28"><span class='ocrx_word' id='word_1_221' title='bbox 331 3598 400 3636; x_wconf 88' lang='lat' dir='ltr'><strong>eo</strong></span> <span class='ocrx_word' id='word_1_222' title='bbox 430 3597 620 3656; x_wconf 73' lang='lat' dir='ltr'><strong>usque</strong></span> <span class='ocrx_word' id='word_1_223' title='bbox 647 3579 880 3655; x_wconf 72' lang='lat' dir='ltr'><strong>abesse,</strong></span> <span class='ocrx_word' id='word_1_224' title='bbox 913 3591 978 3642; x_wconf 82' lang='lat' dir='ltr'><strong>at</strong></span> <span class='ocrx_word' id='word_1_225' title='bbox 1001 3584 1091 3643; x_wconf 77' lang='lat' dir='ltr'><strong>acl</strong></span> <span class='ocrx_word' id='word_1_226' title='bbox 1106 3582 1502 3663; x_wconf 79' lang='lat' dir='ltr'><strong>problemata</strong></span> <span class='ocrx_word' id='word_1_227' title='bbox 1526 3584 1655 3643; x_wconf 76' lang='lat' dir='ltr'><strong>sive</strong></span> <span class='ocrx_word' id='word_1_228' title='bbox 1686 3584 2061 3642; x_wconf 77' lang='lat' dir='ltr'><strong>theoremata</strong></span> 
     </span>
     <span class='ocr_line' id='line_1_35' title="bbox 329 3673 2064 3758; baseline 0.002 -28"><span class='ocrx_word' id='word_1_229' title='bbox 329 3691 487 3751; x_wconf 83' lang='lat' dir='ltr'><strong>pure</strong></span> <span class='ocrx_word' id='word_1_230' title='bbox 530 3673 922 3737; x_wconf 76' lang='lat' dir='ltr'><strong>arithmetica</strong></span> <span class='ocrx_word' id='word_1_231' title='bbox 963 3677 1447 3752; x_wconf 75' lang='lat' dir='ltr'><strong>statuminanda,</strong></span> <span class='ocrx_word' id='word_1_232' title='bbox 1481 3678 1686 3758; x_wconf 81' lang='lat' dir='ltr'><strong>(qaod</strong></span> <span class='ocrx_word' id='word_1_233' title='bbox 1719 3686 1918 3737; x_wconf 84' lang='lat' dir='ltr'><strong>tamen</strong></span> <span class='ocrx_word' id='word_1_234' title='bbox 1948 3695 2064 3734; x_wconf 88' lang='lat' dir='ltr'><strong>non</strong></span> 
     </span>
    </p>
   </div>
  </div>
 </body>
</html>
