2462 4120
0 3645 13 3843 V‘vfl-U‘W†¹v‘-
0 3455 13 3635 sure-“rstwvn-
0 3434 3 3447 ’ἃ
0 3412 6 3422 ²
0 3308 10 3400 -ν-ἠ-κντ
0 3287 5 3297 τ
0 3223 6 3257 ινκή

639 366 939 410 ουΒΑΤιο
976 367 1296 421 SPHAERAE,
1329 369 1473 411 nTc.
1808 358 1919 410 511

276 506 540 567 Videant
561 527 725 566 nunc
747 516 1076 585 geometrae
1099 527 1308 567 omnes
1328 511 1432 587 qui
1456 518 1598 568 sunt
1615 509 1927 579 velerum,
1957 530 2026 562 An
2052 529 2191 561 PROP.
2219 531 2265 562 v.

193 620 272 660 an
294 601 634 661 convellere
656 601 789 661 haec
812 611 1123 679 poterunt.
1187 602 1295 660 Sin
1318 604 1495 662 firma
1518 604 1660 675 sint,
1679 602 1930 661 videant

193 715 273 754 an
296 705 658 774 argumenta
680 695 1071 767 ProfessoriS,
1093 714 1228 773 quae
1246 695 1347 754 hic
1373 706 1433 755 et
1456 697 1519 754 in
1541 696 1929 775 sequentibus

193 789 258 848 in
302 789 679 849 contrarium
723 789 976 849 adducit
1019 789 1425 862 arithmetica,
1459 790 1643 868 digna
1673 792 1793 851 sint
1835 811 1932 850 re-

194 885 555 963 sponsione:
589 895 651 943 et
674 904 753 943 an
778 884 1091 955 Professor
1113 883 1230 942 iste
1255 883 1845 944 demonstrationum
1869 886 1933 944 in

192 979 534 1057 geometria
570 978 761 1057 judex
790 978 1046 1038 idoneus
1075 977 1283 1037 fuerit.
1370 977 1636 1037 Videant
1665 999 1849 1057 porro
1882 980 1933 1038 si

195 1074 449 1152 quaestio
483 1074 771 1153 deinceps
811 1075 974 1133 inter
1012 1091 1110 1132 me
1151 1084 1215 1132 et
1259 1072 1676 1132 arithmeticos
1708 1073 1782 1131 de
1818 1074 1934 1132 hac

192 1187 281 1241 re,
312 1168 432 1227 alia
471 1189 602 1228 esse
632 1169 822 1248 possit
865 1189 1048 1247 quam
1091 1168 1166 1227 de
1194 1168 1505 1226 rationum
1541 1187 1934 1226 numerorum

192 1261 257 1320 in
291 1263 631 1340 geometria
669 1262 1097 1342 ineptitudine.
1185 1262 1312 1321 Illis
1358 1271 1565 1321 autem
1605 1261 1934 1334 Professor,

193 1375 367 1436 prop.
396 1364 452 1429 5,
484 1360 544 1430 7,
570 1363 633 1429 9,
663 1364 759 1429 10,
793 1364 885 1431 11,
911 1367 975 1416 et
1012 1365 1104 1431 12,
1130 1356 1273 1416 solis
1301 1356 1520 1416 utitur.

647 1605 738 1647 AD
773 1605 1239 1647 PROPOSITION
1250 1605 1349 1646 EM
1381 1605 1478 1646 VI.

279 1714 764 1793 Propositionem
799 1714 958 1773 hane
998 1713 1278 1773 absolvit.
1369 1713 1547 1773 Sanae
1579 1733 1726 1792 ergo
1773 1722 1933 1785 sunt,

197 1830 338 1870 cum
361 1809 483 1868 suis
509 1808 862 1882 corollariis,
893 1807 1110 1887 prima,
1136 1809 1340 1882 tertia,
1365 1818 1603 1887 quarta,
1631 1808 1847 1886 quinta
1876 1817 1937 1867 et

199 1913 391 1964 sexta.

637 2108 730 2151 AD
764 2109 1340 2154 PROPOSITIONEM
1373 2112 1498 2154 VII.

281 2217 556 2296 Septima
600 2226 714 2291 est,
755 2218 1121 2298 quadratum
1165 2220 1241 2278 ab
1272 2219 1398 2292 AZ,
1432 2220 1527 2278 vel
1570 2219 1670 2293 Ze,
1702 2219 1935 2299 aequale

198 2322 293 2373 est
330 2319 402 2373 10
435 2311 751 2391 quadratis
782 2333 820 2372 a
849 2324 1068 2391 quarta
1110 2324 1287 2393 parte
1329 2314 1513 2374 radii:
1561 2334 1744 2393 quam
1786 2315 1936 2373 dicit

199 2427 330 2467 esse
347 2407 583 2480 falsam,
604 2417 664 2467 et
683 2417 883 2468 rectas
904 2407 1039 2483 AO,
1053 2408 1160 2469 AZ
1180 2430 1291 2489 pro
1311 2410 1646 2489 aequalibus
1664 2420 1935 2489 sumptas

199 2521 329 2561 esse
357 2502 568 2580 gratis

280 2596 481 2656 Tuum
512 2605 623 2667 est,
647 2597 861 2672 lector,
884 2598 1001 2658 hoc
1033 2597 1386 2677 dijudicare.
1450 2599 1835 2660 Quadratum
1859 2600 1935 2658 ab

201 2688 315 2751 AO
346 2691 577 2769 aequale
621 2702 714 2751 est
758 2699 794 2752 5
842 2693 1155 2773 quadratis
1200 2715 1237 2753 a
1281 2694 1533 2754 dimidia
1563 2696 1686 2768 GC,
1717 2694 1782 2754 id
1822 2704 1934 2765 est,

201 2785 568 2863 quadratum
601 2786 676 2845 ab
709 2785 822 2847 AO
855 2798 950 2847 est
978 2788 1210 2867 aequale
1242 2796 1323 2849 20
1348 2789 1662 2868 quadratis
1693 2810 1729 2848 a
1760 2789 1936 2848 dimi-

201 2879 342 2939 dia*
374 2878 502 2939 GC.
590 2880 845 2940 Nullum
874 2883 974 2942 hio
1006 2883 1260 2942 dubium
1290 2892 1402 2943 est.
1492 2882 1692 2957 Quare
1723 2894 1936 2943 centro

200 2973 276 3046 A,
306 2974 479 3034 radio
511 2974 644 3048 AO,
678 2975 728 3035 si
759 2976 1019 3036 dueatur
1047 2998 1224 3037 arcus
1249 2978 1462 3038 circuli
1492 2998 1704 3038 secans
1735 2978 1842 3037 AG
1873 2978 1937 3036 in

202 3089 256 3142 c,
302 3068 672 3148 quadratum
715 3070 792 3130 ab
837 3071 928 3130 Ac·
970 3073 1204 3151 aequale
1248 3074 1367 3132 erit
1418 3081 1497 3134 20
1544 3073 1854 3152 quadratis
1902 3091 1938 3129 a.

201 3174 420 3243 quarta
460 3173 636 3242 parte
665 3164 794 3238 GC,
827 3165 952 3224 sive
984 3174 1063 3227 20
1097 3166 1539 3227 decimissextis
1569 3167 1758 3227 totius
1788 3184 1937 3242 qua-

203 3257 367 3318 drati
395 3277 432 3317 a
462 3258 602 3328 GC;
650 3267 712 3318 et
754 3270 1081 3338 propterea
1111 3261 1481 3341 quadratum
1521 3282 1557 3321 a
1594 3262 1676 3320 Ze
1705 3258 1937 3337 aequale

203 3360 294 3412 est
331 3358 404 3413 10
435 3352 875 3412 decimissextis
905 3354 1189 3432 quadrati
1214 3376 1250 3415 a
1279 3356 1401 3416 GC.

288 3446 501 3526 Itaque
532 3447 792 3507 absurde
821 3447 967 3508 fecit
997 3449 1309 3510 Professor
1338 3450 1651 3511 destruere
1682 3456 1936 3507 conatus

449 3655 477 3684 *
518 3654 598 3704 Sic
621 3656 734 3703 edit.
767 3657 907 3704 1669.
983 3654 1155 3715 Quaere
1182 3661 1257 3705 “a
1275 3665 1444 3718 quarte
1469 3653 1629 3718 parte’⁷
1655 3653 1674 3699 Ρ

1997 586 2233 615 *Y*
