2462 4120
545 394 1067 438 MATHEMATICAE
1105 396 1508 440 HODIERNAE.
1779 392 1883 444 161

239 539 317 598 A.
372 537 529 597 Scio,
576 535 855 594 Vidimus
880 536 1008 613 jam
1040 534 1102 592 in
1134 534 1248 593 hac
1300 547 1474 613 parte
1525 539 1724 614 operis
1773 561 1893 599 ma·
1958 566 2209 599 mALoous

155 632 493 703 thematici,
547 629 905 709 professoris
975 629 1163 687 vestri
1215 641 1364 708 quot
1422 641 1560 689 sunt
1622 653 1892 693 errores:
2052 634 2120 666 IV·

157 728 408 799 scilicet,
433 726 638 805 plures
669 745 852 803 quam
884 743 1103 782 censor
1121 722 1299 796 ullus,
1321 728 1711 801 quantumvis
1732 748 1898 787 seve-

157 842 282 895 τηε,
312 822 376 880 in
409 820 689 881 omnibus
721 818 965 897 scriptis
1005 817 1278 877 omnium
1326 818 1898 881 mathematicorum

159 915 338 976 editis
367 915 641 974 invenire
677 924 901 993 potest.

243 1010 325 1070 B.
372 1009 444 1069 Id
494 1008 741 1088 quidem
793 1009 1018 1067 nescio,
1107 1008 1337 1066 Verum
1388 1009 1442 1067 si
1491 1008 1566 1066 de
1619 1011 1899 1070 omnibus

159 1104 339 1164 simul
363 1104 660 1164 doctrinae
684 1103 961 1183 partibus
986 1102 1286 1181 judicium
1316 1101 1522 1175 facies,
1554 1123 1678 1161 non
1710 1106 1900 1163 medi-

160 1199 386 1259 ocriter
412 1199 665 1259 doctum
696 1219 827 1258 esse
859 1198 1253 1257 existimabis,
1341 1198 1689 1276 Theologus
1738 1200 1899 1258 enim

158 1304 272 1366 est,
322 1302 384 1353 et
431 1294 687 1372 logicus,
736 1303 798 1352 et
848 1293 1159 1371 physicus,
1214 1301 1276 1351 et
1313 1293 1787 1371 metaphysicuS,
1841 1305 1902 1353 et

156 1388 465 1468 politicuS,
519 1398 582 1448 et
643 1388 899 1460 ethicus,
932 1397 994 1447 et
1043 1388 1275 1467 peritus
1318 1387 1475 1466 juris
1525 1388 1787 1447 Romani
1839 1401 1902 1448 et

157 1483 506 1562 Anglicani.
636 1483 960 1553 Praeterea,
1019 1482 1259 1560 linguas
1316 1483 1488 1541 novit
1550 1482 1899 1556 Hebraeam,

154 1578 505 1651 Arabicam,
528 1577 954 1646 Teutonicam,
989 1576 1308 1649 Gallicam,
1342 1577 1639 1651 Italicam,
1683 1579 1900 1637 Armo-

158 1673 369 1744 ricam,
399 1692 658 1752 quarum
689 1672 1023 1750 specimina
1069 1682 1132 1731 et
1184 1672 1550 1732 criticismos
1574 1673 1784 1732 vidisti
1837 1674 1902 1733 in

158 1767 277 1826 hoc
306 1767 462 1827 libro
491 1793 506 1836 ;
553 1777 614 1826 et
633 1776 939 1847 praeterea
961 1768 1378 1846 symbolicam,
1410 1789 1563 1847 quae,
1595 1778 1664 1829 ut
1693 1769 1903 1848 lingua

157 1861 438 1940 quaedam
466 1862 845 1932 universaliS,
873 1871 964 1922 est
993 1863 1190 1922 instar
1220 1863 1512 1922 omnium.

239 1953 317 2015 A.
363 1956 643 2017 Vidimus
716 1956 961 2036 quidem
1022 1957 1218 2017 videri
1268 1959 1425 2017 velle
1496 1959 1631 2019 haec
1703 1979 1901 2031 nosse,

158 2070 356 2128 neque
414 2051 742 2130 quicquam
793 2051 960 2111 aliud
1010 2062 1236 2131 praeter
1289 2073 1527 2113 errores
1581 2063 1642 2114 et
1708 2075 1903 2134 nugas

160 2164 360 2205 nosse.

246 2238 328 2299 B.
374 2240 557 2300 Liber
609 2241 709 2300 hic
763 2242 937 2315 alter,
988 2262 1168 2320 quem
1217 2242 1626 2303 examinaturi
1673 2263 1901 2318 sumuS,

160 2332 466 2394 videbitur
489 2334 601 2395 tibi
619 2335 876 2396 fortasse
908 2337 1141 2396 melior.
1230 2337 1399 2396 Vale.

599 2842 1017 2903 DIALOGUS
1066 2843 1463 2905 QUINTUS.

251 3171 331 3230 A.
380 3172 543 3232 Bene
571 3175 819 3237 advenis
844 3205 859 3247 ;
905 3179 1012 3238 sed
1041 3189 1103 3239 te
1134 3183 1534 3260 expectabam
1564 3184 1714 3242 heri.

253 3264 332 3323 B.
378 3265 599 3326 Venire
655 3289 780 3330 non
844 3273 1038 3350 potui.
1152 3275 1247 3334 Tu
1303 3296 1448 3335 vero
1520 3286 1690 3336 tanto
1763 3278 1896 3355 plus

165 3358 433 3419 habuisti
478 3361 586 3419 otii
631 3363 871 3438 librum,
925 3387 1106 3445 quem
1158 3378 1362 3428 tecum
1414 3371 1651 3450 reliqui,
1704 3372 1899 3450 perle-

162 3452 370 3530 gendi.

253 3547 331 3606 A.
379 3548 632 3627 Perlegi,
663 3551 778 3613 nisi
823 3555 985 3630 quod
1034 3565 1331 3616 tractatus
1384 3560 1462 3618 de
1514 3558 1901 3618 sectionibus

172 3638 418 3700 Conieis
449 3643 651 3720 capita
690 3646 943 3724 aliquot,
981 3668 1118 3726 quae
1158 3653 1446 3729 symbolis
1492 3654 1747 3711 nimium
1789 3652 1900 3708 im-

333 3754 488 3795 VOL.
523 3755 615 3796 lv.
1681 3765 1732 3803 M
