<?xml version="1.0" encoding="UTF-8"?>
<!DOCTYPE html PUBLIC "-//W3C//DTD XHTML 1.0 Transitional//EN"
    "http://www.w3.org/TR/xhtml1/DTD/xhtml1-transitional.dtd">
<html xmlns="http://www.w3.org/1999/xhtml" xml:lang="en" lang="en">
 <head>
  <title>
</title>
<meta http-equiv="Content-Type" content="text/html;charset=utf-8" />
  <meta name='ocr-system' content='tesseract 3.04.00' />
  <meta name='ocr-capabilities' content='ocr_page ocr_carea ocr_par ocr_line ocrx_word'/>
</head>
<body>
  <div class='ocr_page' id='page_1' title='image "./operaphilosophic04hobbuoft_0443.png"; bbox 0 0 2462 4120; ppageno 0'>
   <div class='ocr_carea' id='block_1_1' title="bbox 799 356 1945 408">
    <p class='ocr_par' dir='ltr' id='par_1_1' title="bbox 799 356 1945 408">
     <span class='ocr_line' id='line_1_1' title="bbox 799 356 1945 408; baseline 0.005 -6"><span class='ocrx_word' id='word_1_1' title='bbox 799 361 1357 405; x_wconf 85' lang='lat' dir='ltr'><strong>GEOMETRARUM.</strong></span> <span class='ocrx_word' id='word_1_2' title='bbox 1831 356 1945 408; x_wconf 87' lang='grc'>431</span> 
     </span>
    </p>
   </div>
   <div class='ocr_carea' id='block_1_2' title="bbox 100 498 2276 582">
    <p class='ocr_par' dir='ltr' id='par_1_2' title="bbox 100 498 2276 582">
     <span class='ocr_line' id='line_1_2' title="bbox 100 498 2276 582; baseline -0.001 -21"><span class='ocrx_word' id='word_1_3' title='bbox 100 521 103 523; x_wconf 67' lang='grc'><strong><em>’</em></strong></span> <span class='ocrx_word' id='word_1_4' title='bbox 208 500 465 581; x_wconf 83' lang='lat' dir='ltr'>proinde</span> <span class='ocrx_word' id='word_1_5' title='bbox 523 499 707 558; x_wconf 88' lang='lat' dir='ltr'>habet</span> <span class='ocrx_word' id='word_1_6' title='bbox 768 498 1200 577; x_wconf 84' lang='lat' dir='ltr'><strong>quantitatem.</strong></span> <span class='ocrx_word' id='word_1_7' title='bbox 1314 499 1454 558; x_wconf 90' lang='lat' dir='ltr'>Jam</span> <span class='ocrx_word' id='word_1_8' title='bbox 1513 502 1678 579; x_wconf 91' lang='lat' dir='ltr'>quod</span> <span class='ocrx_word' id='word_1_9' title='bbox 1737 505 1956 582; x_wconf 90' lang='lat' dir='ltr'>quaerit</span> <span class='ocrx_word' id='word_1_10' title='bbox 2013 528 2276 560; x_wconf 59' lang='lat' dir='ltr'>mnxvu.</span> 
     </span>
    </p>
   </div>
   <div class='ocr_carea' id='block_1_3' title="bbox 213 587 2274 684">
    <p class='ocr_par' dir='ltr' id='par_1_3' title="bbox 213 587 2274 684">
     <span class='ocr_line' id='line_1_3' title="bbox 213 587 2274 684; baseline 0 -28"><span class='ocrx_word' id='word_1_11' title='bbox 213 596 475 667; x_wconf 78' lang='lat' dir='ltr'>ClaviUS,</span> <span class='ocrx_word' id='word_1_12' title='bbox 501 591 806 672; x_wconf 90' lang='lat' dir='ltr'>quomodo</span> <span class='ocrx_word' id='word_1_13' title='bbox 829 592 1045 671; x_wconf 88' lang='lat' dir='ltr'>positis</span> <span class='ocrx_word' id='word_1_14' title='bbox 1078 592 1293 651; x_wconf 85' lang='lat' dir='ltr'>ordine</span> <span class='ocrx_word' id='word_1_15' title='bbox 1315 601 1375 666; x_wconf 87' lang='lat'>4,</span> <span class='ocrx_word' id='word_1_16' title='bbox 1400 602 1458 666; x_wconf 88' lang='lat'>4,</span> <span class='ocrx_word' id='word_1_17' title='bbox 1482 602 1539 665; x_wconf 90' lang='grc'>4,</span> <span class='ocrx_word' id='word_1_18' title='bbox 1562 597 1718 656; x_wconf 91' lang='lat' dir='ltr'>ratio</span> <span class='ocrx_word' id='word_1_19' title='bbox 1742 599 1956 676; x_wconf 89' lang='lat' dir='ltr'>primae</span> <span class='ocrx_word' id='word_1_20' title='bbox 2007 587 2274 684; x_wconf 48' lang='lat' dir='ltr'>md</span> 
     </span>
    </p>
   </div>
   <div class='ocr_carea' id='block_1_4' title="bbox 208 687 2288 3609">
    <p class='ocr_par' dir='ltr' id='par_1_4' title="bbox 208 687 2288 959">
     <span class='ocr_line' id='line_1_4' title="bbox 209 687 2288 781; baseline 0.001 -31"><span class='ocrx_word' id='word_1_21' title='bbox 209 690 291 750; x_wconf 92' lang='lat' dir='ltr'>ad</span> <span class='ocrx_word' id='word_1_22' title='bbox 346 689 590 748; x_wconf 83' lang='lat' dir='ltr'>tertiam</span> <span class='ocrx_word' id='word_1_23' title='bbox 644 687 831 765; x_wconf 89' lang='lat' dir='ltr'>dupla</span> <span class='ocrx_word' id='word_1_24' title='bbox 882 706 1011 746; x_wconf 89' lang='lat' dir='ltr'>esse</span> <span class='ocrx_word' id='word_1_25' title='bbox 1061 695 1264 764; x_wconf 86' lang='lat' dir='ltr'>potest</span> <span class='ocrx_word' id='word_1_26' title='bbox 1315 687 1570 747; x_wconf 88' lang='lat' dir='ltr'>rationis</span> <span class='ocrx_word' id='word_1_27' title='bbox 1618 691 1829 768; x_wconf 87' lang='lat' dir='ltr'>primae</span> <span class='ocrx_word' id='word_1_28' title='bbox 1879 694 1958 752; x_wconf 94' lang='lat' dir='ltr'>ad</span> <span class='ocrx_word' id='word_1_29' title='bbox 2004 693 2288 781; x_wconf 49' lang='lat' dir='ltr'>gilffbfflssuae&#39;</span> 
     </span>
     <span class='ocr_line' id='line_1_5' title="bbox 211 773 2267 863; baseline 0.001 -18"><span class='ocrx_word' id='word_1_30' title='bbox 211 783 563 855; x_wconf 87' lang='lat' dir='ltr'>secundam,</span> <span class='ocrx_word' id='word_1_31' title='bbox 622 782 786 841; x_wconf 91' lang='lat' dir='ltr'>idem</span> <span class='ocrx_word' id='word_1_32' title='bbox 847 792 942 841; x_wconf 91' lang='lat' dir='ltr'>est</span> <span class='ocrx_word' id='word_1_33' title='bbox 989 801 1062 840; x_wconf 91' lang='lat' dir='ltr'>ac</span> <span class='ocrx_word' id='word_1_34' title='bbox 1120 781 1172 840; x_wconf 91' lang='lat' dir='ltr'>si</span> <span class='ocrx_word' id='word_1_35' title='bbox 1230 782 1590 860; x_wconf 80' lang='lat' dir='ltr'>quaesiisset,</span> <span class='ocrx_word' id='word_1_36' title='bbox 1651 788 1957 863; x_wconf 91' lang='lat' dir='ltr'>quomodo</span> <span class='ocrx_word' id='word_1_37' title='bbox 2213 773 2221 782; x_wconf 58' lang='grc'><strong><em>’</em></strong></span> <span class='ocrx_word' id='word_1_38' title='bbox 2264 778 2267 781; x_wconf 43' lang='grc'><strong>”</strong></span> 
     </span>
     <span class='ocr_line' id='line_1_6' title="bbox 208 877 1959 959; baseline 0.002 -21"><span class='ocrx_word' id='word_1_39' title='bbox 208 879 427 959; x_wconf 88' lang='lat' dir='ltr'>positis</span> <span class='ocrx_word' id='word_1_40' title='bbox 459 879 655 937; x_wconf 88' lang='lat' dir='ltr'>tribus</span> <span class='ocrx_word' id='word_1_41' title='bbox 687 877 854 936; x_wconf 88' lang='lat' dir='ltr'>cifris</span> <span class='ocrx_word' id='word_1_42' title='bbox 886 883 945 949; x_wconf 90' lang='grc'>0,</span> <span class='ocrx_word' id='word_1_43' title='bbox 979 884 1038 948; x_wconf 93' lang='grc' dir='ltr'>Ο,</span> <span class='ocrx_word' id='word_1_44' title='bbox 1070 883 1129 948; x_wconf 87' lang='grc'>0,</span> <span class='ocrx_word' id='word_1_45' title='bbox 1161 877 1318 935; x_wconf 90' lang='lat' dir='ltr'>ratio</span> <span class='ocrx_word' id='word_1_46' title='bbox 1358 877 1572 955; x_wconf 79' lang='lat' dir='ltr'>primae</span> <span class='ocrx_word' id='word_1_47' title='bbox 1603 879 1682 936; x_wconf 92' lang='lat' dir='ltr'>ad</span> <span class='ocrx_word' id='word_1_48' title='bbox 1712 882 1959 941; x_wconf 80' lang='lat' dir='ltr'>tertiam</span> 
     </span>
    </p>

    <p class='ocr_par' dir='ltr' id='par_1_5' title="bbox 208 971 1958 1054">
     <span class='ocr_line' id='line_1_7' title="bbox 208 971 1958 1054; baseline 0.001 -21"><span class='ocrx_word' id='word_1_49' title='bbox 208 982 413 1054; x_wconf 89' lang='lat' dir='ltr'>potest</span> <span class='ocrx_word' id='word_1_50' title='bbox 470 993 601 1032; x_wconf 88' lang='lat' dir='ltr'>esse</span> <span class='ocrx_word' id='word_1_51' title='bbox 657 973 845 1051; x_wconf 91' lang='lat' dir='ltr'>dupla</span> <span class='ocrx_word' id='word_1_52' title='bbox 889 971 1146 1031; x_wconf 89' lang='lat' dir='ltr'>rationis</span> <span class='ocrx_word' id='word_1_53' title='bbox 1198 972 1413 1050; x_wconf 88' lang='lat' dir='ltr'>primae</span> <span class='ocrx_word' id='word_1_54' title='bbox 1462 971 1541 1031; x_wconf 92' lang='lat' dir='ltr'>ad</span> <span class='ocrx_word' id='word_1_55' title='bbox 1592 975 1958 1035; x_wconf 86' lang='lat' dir='ltr'>secundam:</span> 
     </span>
    </p>

    <p class='ocr_par' dir='ltr' id='par_1_6' title="bbox 210 1067 1963 1146">
     <span class='ocr_line' id='line_1_8' title="bbox 210 1067 1963 1146; baseline 0.001 -18"><span class='ocrx_word' id='word_1_56' title='bbox 210 1089 351 1128; x_wconf 89' lang='lat' dir='ltr'>cum</span> <span class='ocrx_word' id='word_1_57' title='bbox 380 1088 596 1128; x_wconf 88' lang='lat' dir='ltr'>revera</span> <span class='ocrx_word' id='word_1_58' title='bbox 625 1077 686 1127; x_wconf 89' lang='lat' dir='ltr'>et</span> <span class='ocrx_word' id='word_1_59' title='bbox 715 1068 962 1146; x_wconf 90' lang='lat' dir='ltr'>proprie</span> <span class='ocrx_word' id='word_1_60' title='bbox 1006 1067 1336 1146; x_wconf 74' lang='lat' dir='ltr'>loquendo,</span> <span class='ocrx_word' id='word_1_61' title='bbox 1379 1088 1571 1126; x_wconf 91' lang='lat' dir='ltr'>unum</span> <span class='ocrx_word' id='word_1_62' title='bbox 1618 1069 1771 1128; x_wconf 88' lang='lat' dir='ltr'>nihil</span> <span class='ocrx_word' id='word_1_63' title='bbox 1818 1071 1963 1130; x_wconf 92' lang='lat' dir='ltr'>alte-</span> 
     </span>
    </p>

    <p class='ocr_par' dir='ltr' id='par_1_7' title="bbox 210 1162 1814 1243">
     <span class='ocr_line' id='line_1_9' title="bbox 210 1162 1814 1243; baseline -0.001 -19"><span class='ocrx_word' id='word_1_64' title='bbox 210 1164 338 1224; x_wconf 88' lang='lat' dir='ltr'>rius</span> <span class='ocrx_word' id='word_1_65' title='bbox 362 1164 516 1223; x_wconf 92' lang='lat' dir='ltr'>nihil</span> <span class='ocrx_word' id='word_1_66' title='bbox 546 1183 745 1243; x_wconf 90' lang='lat' dir='ltr'>neque</span> <span class='ocrx_word' id='word_1_67' title='bbox 777 1163 1030 1242; x_wconf 91' lang='lat' dir='ltr'>duplum</span> <span class='ocrx_word' id='word_1_68' title='bbox 1062 1182 1260 1240; x_wconf 91' lang='lat' dir='ltr'>neque</span> <span class='ocrx_word' id='word_1_69' title='bbox 1292 1162 1672 1241; x_wconf 88' lang='lat' dir='ltr'>duplicatum</span> <span class='ocrx_word' id='word_1_70' title='bbox 1705 1173 1814 1223; x_wconf 89' lang='lat' dir='ltr'>est.</span> 
     </span>
    </p>

    <p class='ocr_par' dir='ltr' id='par_1_8' title="bbox 212 1257 1967 3038">
     <span class='ocr_line' id='line_1_10' title="bbox 294 1257 1961 1336; baseline 0 -18"><span class='ocrx_word' id='word_1_71' title='bbox 294 1259 529 1318; x_wconf 85' lang='lat' dir='ltr'>Rursus</span> <span class='ocrx_word' id='word_1_72' title='bbox 562 1257 832 1330; x_wconf 82' lang='lat' dir='ltr'>ClaviuS,</span> <span class='ocrx_word' id='word_1_73' title='bbox 858 1257 936 1317; x_wconf 92' lang='lat' dir='ltr'>ad</span> <span class='ocrx_word' id='word_1_74' title='bbox 966 1258 1153 1317; x_wconf 90' lang='lat' dir='ltr'>finem</span> <span class='ocrx_word' id='word_1_75' title='bbox 1183 1258 1377 1317; x_wconf 90' lang='lat' dir='ltr'>Elem.</span> <span class='ocrx_word' id='word_1_76' title='bbox 1409 1258 1492 1328; x_wconf 89' lang='lat' dir='ltr'>ix,</span> <span class='ocrx_word' id='word_1_77' title='bbox 1523 1268 1593 1317; x_wconf 89' lang='lat' dir='ltr'>ut</span> <span class='ocrx_word' id='word_1_78' title='bbox 1622 1259 1842 1336; x_wconf 91' lang='lat' dir='ltr'>probet</span> <span class='ocrx_word' id='word_1_79' title='bbox 1872 1280 1961 1318; x_wconf 91' lang='lat' dir='ltr'>ra-</span> 
     </span>
     <span class='ocr_line' id='line_1_11' title="bbox 212 1352 1962 1432; baseline 0 -19"><span class='ocrx_word' id='word_1_80' title='bbox 212 1353 444 1413; x_wconf 89' lang='lat' dir='ltr'>tionem</span> <span class='ocrx_word' id='word_1_81' title='bbox 481 1352 855 1432; x_wconf 80' lang='lat' dir='ltr'>duplicatam</span> <span class='ocrx_word' id='word_1_82' title='bbox 901 1373 1026 1412; x_wconf 93' lang='lat' dir='ltr'>non</span> <span class='ocrx_word' id='word_1_83' title='bbox 1073 1372 1203 1411; x_wconf 89' lang='lat' dir='ltr'>esse</span> <span class='ocrx_word' id='word_1_84' title='bbox 1243 1353 1546 1412; x_wconf 88' lang='lat' dir='ltr'>rationem</span> <span class='ocrx_word' id='word_1_85' title='bbox 1577 1353 1845 1432; x_wconf 89' lang='lat' dir='ltr'>duplam,</span> <span class='ocrx_word' id='word_1_86' title='bbox 1877 1355 1962 1413; x_wconf 91' lang='lat' dir='ltr'>sic</span> 
     </span>
     <span class='ocr_line' id='line_1_12' title="bbox 213 1447 1964 1528; baseline -0.001 -20"><span class='ocrx_word' id='word_1_87' title='bbox 213 1449 459 1508; x_wconf 83' lang='lat' dir='ltr'>scribit:</span> <span class='ocrx_word' id='word_1_88' title='bbox 504 1447 876 1526; x_wconf 85' lang='lat' dir='ltr'>“Imprimis</span> <span class='ocrx_word' id='word_1_89' title='bbox 915 1448 1107 1525; x_wconf 83' lang='lat' dir='ltr'>igitur</span> <span class='ocrx_word' id='word_1_90' title='bbox 1153 1448 1664 1527; x_wconf 83' lang='lat' dir='ltr'>compositionem</span> <span class='ocrx_word' id='word_1_91' title='bbox 1701 1469 1964 1528; x_wconf 87' lang='lat' dir='ltr'>propor-</span> 
     </span>
     <span class='ocr_line' id='line_1_13' title="bbox 214 1542 1964 1622; baseline -0.001 -18"><span class='ocrx_word' id='word_1_92' title='bbox 214 1543 514 1615; x_wconf 89' lang='lat' dir='ltr'>tionum‚&#39;’</span> <span class='ocrx_word' id='word_1_93' title='bbox 552 1542 889 1620; x_wconf 90' lang='lat' dir='ltr'>(vocabulis</span> <span class='ocrx_word' id='word_1_94' title='bbox 931 1543 1094 1602; x_wconf 90' lang='lat' dir='ltr'>enim</span> <span class='ocrx_word' id='word_1_95' title='bbox 1139 1543 1300 1602; x_wconf 92' lang='lat' dir='ltr'>ratio</span> <span class='ocrx_word' id='word_1_96' title='bbox 1332 1553 1394 1602; x_wconf 89' lang='lat' dir='ltr'>et</span> <span class='ocrx_word' id='word_1_97' title='bbox 1423 1544 1743 1622; x_wconf 84' lang='lat' dir='ltr'>proportio</span> <span class='ocrx_word' id='word_1_98' title='bbox 1786 1544 1964 1602; x_wconf 89' lang='lat' dir='ltr'>aliter</span> 
     </span>
     <span class='ocr_line' id='line_1_14' title="bbox 217 1637 1963 1717; baseline 0 -20"><span class='ocrx_word' id='word_1_99' title='bbox 217 1658 400 1717; x_wconf 92' lang='lat' dir='ltr'>quam</span> <span class='ocrx_word' id='word_1_100' title='bbox 419 1638 702 1698; x_wconf 89' lang='lat' dir='ltr'>Euclides</span> <span class='ocrx_word' id='word_1_101' title='bbox 731 1637 1075 1716; x_wconf 90' lang='lat' dir='ltr'>promiscue</span> <span class='ocrx_word' id='word_1_102' title='bbox 1101 1637 1348 1713; x_wconf 87' lang='lat' dir='ltr'>utitur),</span> <span class='ocrx_word' id='word_1_103' title='bbox 1377 1641 1414 1667; x_wconf 84' lang='lat'><em>“</em></span> <span class='ocrx_word' id='word_1_104' title='bbox 1437 1637 1512 1696; x_wconf 95' lang='lat' dir='ltr'>de</span> <span class='ocrx_word' id='word_1_105' title='bbox 1537 1658 1657 1717; x_wconf 90' lang='lat' dir='ltr'>qua</span> <span class='ocrx_word' id='word_1_106' title='bbox 1678 1638 1963 1697; x_wconf 88' lang='lat' dir='ltr'>Euclides</span> 
     </span>
     <span class='ocr_line' id='line_1_15' title="bbox 215 1731 1965 1811; baseline 0 -19"><span class='ocrx_word' id='word_1_107' title='bbox 215 1733 344 1811; x_wconf 82' lang='lat' dir='ltr'>agit</span> <span class='ocrx_word' id='word_1_108' title='bbox 373 1731 508 1792; x_wconf 83' lang='lat' dir='ltr'>Des.</span> <span class='ocrx_word' id='word_1_109' title='bbox 543 1739 635 1804; x_wconf 90' lang='lat'>10,</span> <span class='ocrx_word' id='word_1_110' title='bbox 667 1731 772 1790; x_wconf 91' lang='lat' dir='ltr'>lib.</span> <span class='ocrx_word' id='word_1_111' title='bbox 805 1751 863 1801; x_wconf 88' lang='lat' dir='ltr'>v,</span> <span class='ocrx_word' id='word_1_112' title='bbox 890 1740 1029 1801; x_wconf 88' lang='lat' dir='ltr'>etc.,</span> <span class='ocrx_word' id='word_1_113' title='bbox 1062 1741 1124 1791; x_wconf 91' lang='lat' dir='ltr'>et</span> <span class='ocrx_word' id='word_1_114' title='bbox 1170 1731 1235 1791; x_wconf 92' lang='lat' dir='ltr'>in</span> <span class='ocrx_word' id='word_1_115' title='bbox 1288 1732 1810 1810; x_wconf 86' lang='lat' dir='ltr'>propositionibus</span> <span class='ocrx_word' id='word_1_116' title='bbox 1856 1733 1965 1792; x_wconf 94' lang='lat' dir='ltr'>du-</span> 
     </span>
     <span class='ocr_line' id='line_1_16' title="bbox 215 1826 1964 1906; baseline 0.001 -20"><span class='ocrx_word' id='word_1_117' title='bbox 215 1827 528 1906; x_wconf 85' lang='lat' dir='ltr'>plicatam,</span> <span class='ocrx_word' id='word_1_118' title='bbox 558 1826 950 1906; x_wconf 83' lang='lat' dir='ltr'>triplicatam,</span> <span class='ocrx_word' id='word_1_119' title='bbox 980 1837 1042 1886; x_wconf 89' lang='lat' dir='ltr'>et</span> <span class='ocrx_word' id='word_1_120' title='bbox 1073 1827 1474 1905; x_wconf 88' lang='lat' dir='ltr'>compositam</span> <span class='ocrx_word' id='word_1_121' title='bbox 1504 1828 1964 1906; x_wconf 89' lang='lat' dir='ltr'>proportionem</span> 
     </span>
     <span class='ocr_line' id='line_1_17' title="bbox 217 1920 1963 1999; baseline 0.001 -19"><span class='ocrx_word' id='word_1_122' title='bbox 217 1920 294 1981; x_wconf 93' lang='lat' dir='ltr'>de</span> <span class='ocrx_word' id='word_1_123' title='bbox 346 1921 873 1999; x_wconf 84' lang='lat' dir='ltr'>magnitudinibus</span> <span class='ocrx_word' id='word_1_124' title='bbox 915 1921 1013 1980; x_wconf 89' lang='lat' dir='ltr'>vel</span> <span class='ocrx_word' id='word_1_125' title='bbox 1059 1921 1330 1980; x_wconf 88' lang='lat' dir='ltr'>numeris</span> <span class='ocrx_word' id='word_1_126' title='bbox 1385 1921 1783 1996; x_wconf 88' lang='lat' dir='ltr'>demonstrat,</span> <span class='ocrx_word' id='word_1_127' title='bbox 1826 1921 1963 1982; x_wconf 88' lang='lat' dir='ltr'>dico</span> 
     </span>
     <span class='ocr_line' id='line_1_18' title="bbox 215 2015 1965 2094; baseline 0.001 -19"><span class='ocrx_word' id='word_1_128' title='bbox 215 2035 341 2075; x_wconf 91' lang='lat' dir='ltr'>non</span> <span class='ocrx_word' id='word_1_129' title='bbox 373 2035 503 2075; x_wconf 87' lang='lat' dir='ltr'>esse</span> <span class='ocrx_word' id='word_1_130' title='bbox 533 2035 675 2074; x_wconf 90' lang='lat' dir='ltr'>vere</span> <span class='ocrx_word' id='word_1_131' title='bbox 705 2015 1084 2074; x_wconf 90' lang='lat' dir='ltr'>additionem</span> <span class='ocrx_word' id='word_1_132' title='bbox 1113 2015 1602 2094; x_wconf 82' lang='lat' dir='ltr'>proportionum,</span> <span class='ocrx_word' id='word_1_133' title='bbox 1634 2017 1722 2076; x_wconf 91' lang='lat' dir='ltr'>ita</span> <span class='ocrx_word' id='word_1_134' title='bbox 1751 2027 1822 2076; x_wconf 89' lang='lat' dir='ltr'>ut</span> <span class='ocrx_word' id='word_1_135' title='bbox 1854 2017 1965 2077; x_wconf 94' lang='lat' dir='ltr'>du-</span> 
     </span>
     <span class='ocr_line' id='line_1_19' title="bbox 215 2109 1964 2191; baseline 0.002 -23"><span class='ocrx_word' id='word_1_136' title='bbox 215 2109 444 2189; x_wconf 90' lang='lat' dir='ltr'>plicata</span> <span class='ocrx_word' id='word_1_137' title='bbox 471 2109 568 2169; x_wconf 90' lang='lat' dir='ltr'>vel</span> <span class='ocrx_word' id='word_1_138' title='bbox 611 2109 922 2188; x_wconf 88' lang='lat' dir='ltr'>triplicata</span> <span class='ocrx_word' id='word_1_139' title='bbox 953 2110 1269 2188; x_wconf 89' lang='lat' dir='ltr'>proportio</span> <span class='ocrx_word' id='word_1_140' title='bbox 1317 2111 1396 2169; x_wconf 91' lang='lat' dir='ltr'>sit</span> <span class='ocrx_word' id='word_1_141' title='bbox 1427 2110 1611 2190; x_wconf 92' lang='lat' dir='ltr'>duplo</span> <span class='ocrx_word' id='word_1_142' title='bbox 1642 2121 1750 2171; x_wconf 91' lang='lat' dir='ltr'>aut</span> <span class='ocrx_word' id='word_1_143' title='bbox 1780 2112 1964 2191; x_wconf 86' lang='lat' dir='ltr'>triplo</span> 
     </span>
     <span class='ocr_line' id='line_1_20' title="bbox 216 2204 1963 2285; baseline 0.002 -22"><span class='ocrx_word' id='word_1_144' title='bbox 216 2204 412 2282; x_wconf 88' lang='lat' dir='ltr'>major</span> <span class='ocrx_word' id='word_1_145' title='bbox 442 2223 513 2263; x_wconf 91' lang='lat' dir='ltr'>ea</span> <span class='ocrx_word' id='word_1_146' title='bbox 552 2204 952 2283; x_wconf 91' lang='lat' dir='ltr'>proportione</span> <span class='ocrx_word' id='word_1_147' title='bbox 1000 2205 1173 2283; x_wconf 89' lang='lat' dir='ltr'>cujus</span> <span class='ocrx_word' id='word_1_148' title='bbox 1219 2204 1325 2264; x_wconf 90' lang='lat' dir='ltr'>illa</span> <span class='ocrx_word' id='word_1_149' title='bbox 1369 2205 1595 2265; x_wconf 89' lang='lat' dir='ltr'>dicitur</span> <span class='ocrx_word' id='word_1_150' title='bbox 1635 2206 1963 2285; x_wconf 89' lang='lat' dir='ltr'>duplicata,</span> 
     </span>
     <span class='ocr_line' id='line_1_21' title="bbox 217 2299 1967 2380; baseline 0.002 -22"><span class='ocrx_word' id='word_1_151' title='bbox 217 2299 637 2378; x_wconf 83' lang='lat' dir='ltr'>triplicatave3</span> <span class='ocrx_word' id='word_1_152' title='bbox 681 2299 830 2359; x_wconf 90' lang='lat' dir='ltr'>item</span> <span class='ocrx_word' id='word_1_153' title='bbox 854 2308 923 2359; x_wconf 91' lang='lat' dir='ltr'>ut</span> <span class='ocrx_word' id='word_1_154' title='bbox 952 2299 1271 2378; x_wconf 92' lang='lat' dir='ltr'>proportio</span> <span class='ocrx_word' id='word_1_155' title='bbox 1303 2320 1378 2359; x_wconf 83' lang='lat' dir='ltr'>ex</span> <span class='ocrx_word' id='word_1_156' title='bbox 1407 2301 1683 2380; x_wconf 89' lang='lat' dir='ltr'>pluribus</span> <span class='ocrx_word' id='word_1_157' title='bbox 1713 2322 1967 2380; x_wconf 87' lang='lat' dir='ltr'>propor-</span> 
     </span>
     <span class='ocr_line' id='line_1_22' title="bbox 218 2393 1965 2476; baseline 0.002 -23"><span class='ocrx_word' id='word_1_158' title='bbox 218 2393 486 2454; x_wconf 90' lang='lat' dir='ltr'>tionibus</span> <span class='ocrx_word' id='word_1_159' title='bbox 518 2394 859 2472; x_wconf 88' lang='lat' dir='ltr'>composita</span> <span class='ocrx_word' id='word_1_160' title='bbox 904 2394 984 2453; x_wconf 89' lang='lat' dir='ltr'>sit</span> <span class='ocrx_word' id='word_1_161' title='bbox 1016 2413 1159 2453; x_wconf 87' lang='lat' dir='ltr'>vere</span> <span class='ocrx_word' id='word_1_162' title='bbox 1190 2403 1394 2454; x_wconf 91' lang='lat' dir='ltr'>totum</span> <span class='ocrx_word' id='word_1_163' title='bbox 1426 2397 1759 2475; x_wconf 83' lang='lat' dir='ltr'>quippiam,</span> <span class='ocrx_word' id='word_1_164' title='bbox 1792 2399 1965 2476; x_wconf 89' lang='lat' dir='ltr'>cujus</span> 
     </span>
     <span class='ocr_line' id='line_1_23' title="bbox 217 2488 1966 2570; baseline 0.002 -23"><span class='ocrx_word' id='word_1_165' title='bbox 217 2497 422 2567; x_wconf 90' lang='lat' dir='ltr'>partes</span> <span class='ocrx_word' id='word_1_166' title='bbox 454 2497 596 2547; x_wconf 86' lang='lat' dir='ltr'>sunt</span> <span class='ocrx_word' id='word_1_167' title='bbox 624 2488 1057 2567; x_wconf 90' lang='lat' dir='ltr'>proportiones</span> <span class='ocrx_word' id='word_1_168' title='bbox 1089 2509 1164 2548; x_wconf 86' lang='lat' dir='ltr'>ex</span> <span class='ocrx_word' id='word_1_169' title='bbox 1195 2489 1412 2567; x_wconf 90' lang='lat' dir='ltr'>quibus</span> <span class='ocrx_word' id='word_1_170' title='bbox 1445 2490 1670 2551; x_wconf 90' lang='lat' dir='ltr'>dicitur</span> <span class='ocrx_word' id='word_1_171' title='bbox 1718 2512 1966 2570; x_wconf 88' lang='lat' dir='ltr'>compo-</span> 
     </span>
     <span class='ocr_line' id='line_1_24' title="bbox 220 2582 1965 2662; baseline 0.002 -20"><span class='ocrx_word' id='word_1_172' title='bbox 220 2582 356 2642; x_wconf 88' lang='lat' dir='ltr'>sita.</span> <span class='ocrx_word' id='word_1_173' title='bbox 443 2583 625 2655; x_wconf 90' lang='lat' dir='ltr'>Nam,</span> <span class='ocrx_word' id='word_1_174' title='bbox 659 2592 776 2643; x_wconf 90' lang='lat' dir='ltr'>etc.</span> <span class='ocrx_word' id='word_1_175' title='bbox 866 2583 931 2642; x_wconf 87' lang='lat' dir='ltr'>Si</span> <span class='ocrx_word' id='word_1_176' title='bbox 972 2584 1188 2662; x_wconf 90' lang='lat' dir='ltr'>positis</span> <span class='ocrx_word' id='word_1_177' title='bbox 1228 2584 1323 2644; x_wconf 90' lang='lat' dir='ltr'>his</span> <span class='ocrx_word' id='word_1_178' title='bbox 1366 2586 1642 2646; x_wconf 91' lang='lat' dir='ltr'>terminis</span> <span class='ocrx_word' id='word_1_179' title='bbox 1675 2586 1965 2647; x_wconf 91' lang='lat' dir='ltr'>continue</span> 
     </span>
     <span class='ocr_line' id='line_1_25' title="bbox 218 2677 1964 2759; baseline 0.004 -25"><span class='ocrx_word' id='word_1_180' title='bbox 218 2677 797 2754; x_wconf 79' lang='lat' dir='ltr'>proportionalibuS,</span> <span class='ocrx_word' id='word_1_181' title='bbox 859 2685 909 2737; x_wconf 94' lang='lat' dir='ltr'>l.</span> <span class='ocrx_word' id='word_1_182' title='bbox 961 2685 1054 2739; x_wconf 95' lang='grc'>10.</span> <span class='ocrx_word' id='word_1_183' title='bbox 1096 2685 1231 2752; x_wconf 88' lang='grc'>100,</span> <span class='ocrx_word' id='word_1_184' title='bbox 1284 2681 1602 2759; x_wconf 91' lang='lat' dir='ltr'>proportio</span> <span class='ocrx_word' id='word_1_185' title='bbox 1660 2690 1683 2741; x_wconf 94' lang='lat' dir='ltr'>l</span> <span class='ocrx_word' id='word_1_186' title='bbox 1721 2681 1801 2740; x_wconf 91' lang='lat' dir='ltr'>ad</span> <span class='ocrx_word' id='word_1_187' title='bbox 1849 2688 1964 2742; x_wconf 90' lang='grc'>100</span> 
     </span>
     <span class='ocr_line' id='line_1_26' title="bbox 219 2770 1963 2853; baseline 0.004 -24"><span class='ocrx_word' id='word_1_188' title='bbox 219 2789 346 2829; x_wconf 82' lang='grc'><strong>11011</strong></span> <span class='ocrx_word' id='word_1_189' title='bbox 375 2770 571 2830; x_wconf 90' lang='lat' dir='ltr'>solum</span> <span class='ocrx_word' id='word_1_190' title='bbox 597 2770 907 2849; x_wconf 90' lang='lat' dir='ltr'>duplicata</span> <span class='ocrx_word' id='word_1_191' title='bbox 930 2772 1237 2832; x_wconf 85' lang='lat' dir='ltr'>diceretur</span> <span class='ocrx_word' id='word_1_192' title='bbox 1265 2776 1682 2853; x_wconf 85' lang='lat' dir='ltr'>proportionis</span> <span class='ocrx_word' id='word_1_193' title='bbox 1710 2784 1732 2836; x_wconf 95' lang='lat' dir='ltr'>l</span> <span class='ocrx_word' id='word_1_194' title='bbox 1765 2775 1843 2835; x_wconf 88' lang='lat' dir='ltr'>ad</span> <span class='ocrx_word' id='word_1_195' title='bbox 1871 2783 1963 2849; x_wconf 88' lang='grc'>10,</span> 
     </span>
     <span class='ocr_line' id='line_1_27' title="bbox 223 2863 1965 2948; baseline 0.005 -25"><span class='ocrx_word' id='word_1_196' title='bbox 223 2863 332 2923; x_wconf 89' lang='lat' dir='ltr'>sed</span> <span class='ocrx_word' id='word_1_197' title='bbox 377 2883 518 2922; x_wconf 89' lang='lat' dir='ltr'>vere</span> <span class='ocrx_word' id='word_1_198' title='bbox 569 2875 728 2924; x_wconf 91' lang='lat' dir='ltr'>esset</span> <span class='ocrx_word' id='word_1_199' title='bbox 772 2865 958 2944; x_wconf 93' lang='lat' dir='ltr'>duplo</span> <span class='ocrx_word' id='word_1_200' title='bbox 1007 2867 1220 2944; x_wconf 88' lang='lat' dir='ltr'>major,</span> <span class='ocrx_word' id='word_1_201' title='bbox 1267 2878 1407 2941; x_wconf 90' lang='lat' dir='ltr'>etc.,</span> <span class='ocrx_word' id='word_1_202' title='bbox 1454 2870 1588 2948; x_wconf 90' lang='lat' dir='ltr'>quis</span> <span class='ocrx_word' id='word_1_203' title='bbox 1632 2890 1759 2929; x_wconf 91' lang='lat' dir='ltr'>non</span> <span class='ocrx_word' id='word_1_204' title='bbox 1797 2870 1965 2930; x_wconf 89' lang='lat' dir='ltr'>videt</span> 
     </span>
     <span class='ocr_line' id='line_1_28' title="bbox 221 2960 1188 3038; baseline 0.002 -20"><span class='ocrx_word' id='word_1_205' title='bbox 221 2967 460 3038; x_wconf 91' lang='lat' dir='ltr'>partem</span> <span class='ocrx_word' id='word_1_206' title='bbox 490 2977 620 3017; x_wconf 88' lang='lat' dir='ltr'>esse</span> <span class='ocrx_word' id='word_1_207' title='bbox 650 2960 943 3036; x_wconf 87' lang='lat' dir='ltr'>majorem</span> <span class='ocrx_word' id='word_1_208' title='bbox 972 2969 1106 3020; x_wconf 92' lang='lat' dir='ltr'>toto</span> <span class='ocrx_word' id='word_1_209' title='bbox 1129 2960 1188 3019; x_wconf 81' lang='lat'>?&#39;&#39;</span> 
     </span>
    </p>

    <p class='ocr_par' dir='ltr' id='par_1_9' title="bbox 223 3053 1963 3415">
     <span class='ocr_line' id='line_1_29' title="bbox 306 3053 1961 3132; baseline 0.004 -21"><span class='ocrx_word' id='word_1_210' title='bbox 306 3053 669 3132; x_wconf 90' lang='lat' dir='ltr'>Respondeo</span> <span class='ocrx_word' id='word_1_211' title='bbox 698 3054 896 3132; x_wconf 90' lang='lat' dir='ltr'>primo</span> <span class='ocrx_word' id='word_1_212' title='bbox 925 3074 1050 3114; x_wconf 92' lang='lat' dir='ltr'>non</span> <span class='ocrx_word' id='word_1_213' title='bbox 1079 3055 1277 3115; x_wconf 84' lang='lat' dir='ltr'>videri</span> <span class='ocrx_word' id='word_1_214' title='bbox 1310 3057 1461 3116; x_wconf 89' lang='lat' dir='ltr'>mihi</span> <span class='ocrx_word' id='word_1_215' title='bbox 1506 3068 1675 3117; x_wconf 84' lang='lat' dir='ltr'>recte</span> <span class='ocrx_word' id='word_1_216' title='bbox 1705 3059 1961 3131; x_wconf 86' lang='lat' dir='ltr'>illatum,</span> 
     </span>
     <span class='ocr_line' id='line_1_30' title="bbox 223 3146 1961 3230; baseline 0.003 -23"><span class='ocrx_word' id='word_1_217' title='bbox 223 3167 300 3207; x_wconf 84' lang='lat' dir='ltr'>ex</span> <span class='ocrx_word' id='word_1_218' title='bbox 330 3167 402 3207; x_wconf 91' lang='lat' dir='ltr'>eo</span> <span class='ocrx_word' id='word_1_219' title='bbox 429 3146 596 3224; x_wconf 92' lang='lat' dir='ltr'>quod</span> <span class='ocrx_word' id='word_1_220' title='bbox 630 3155 676 3206; x_wconf 93' lang='lat' dir='ltr'>l.</span> <span class='ocrx_word' id='word_1_221' title='bbox 708 3154 800 3208; x_wconf 90' lang='lat'>10.</span> <span class='ocrx_word' id='word_1_222' title='bbox 830 3155 943 3209; x_wconf 91' lang='lat'>100</span> <span class='ocrx_word' id='word_1_223' title='bbox 969 3159 1110 3209; x_wconf 89' lang='lat' dir='ltr'>sunt</span> <span class='ocrx_word' id='word_1_224' title='bbox 1141 3151 1430 3210; x_wconf 91' lang='lat' dir='ltr'>continue</span> <span class='ocrx_word' id='word_1_225' title='bbox 1454 3153 1961 3230; x_wconf 80' lang='lat' dir='ltr'>proportionaleS‚</span> 
     </span>
     <span class='ocr_line' id='line_1_31' title="bbox 223 3241 1963 3324; baseline 0.004 -24"><span class='ocrx_word' id='word_1_226' title='bbox 223 3251 286 3301; x_wconf 92' lang='lat' dir='ltr'>et</span> <span class='ocrx_word' id='word_1_227' title='bbox 317 3261 390 3301; x_wconf 86' lang='lat' dir='ltr'>ex</span> <span class='ocrx_word' id='word_1_228' title='bbox 421 3261 494 3301; x_wconf 94' lang='lat' dir='ltr'>eo</span> <span class='ocrx_word' id='word_1_229' title='bbox 527 3241 692 3320; x_wconf 92' lang='lat' dir='ltr'>quod</span> <span class='ocrx_word' id='word_1_230' title='bbox 720 3243 876 3301; x_wconf 89' lang='lat' dir='ltr'>ratio</span> <span class='ocrx_word' id='word_1_231' title='bbox 914 3251 937 3303; x_wconf 96' lang='grc'><strong>1</strong></span> <span class='ocrx_word' id='word_1_232' title='bbox 976 3243 1055 3302; x_wconf 91' lang='lat' dir='ltr'>ad</span> <span class='ocrx_word' id='word_1_233' title='bbox 1091 3252 1164 3305; x_wconf 91' lang='lat'>10</span> <span class='ocrx_word' id='word_1_234' title='bbox 1194 3246 1391 3324; x_wconf 87' lang='lat' dir='ltr'>major</span> <span class='ocrx_word' id='word_1_235' title='bbox 1435 3247 1515 3306; x_wconf 91' lang='lat' dir='ltr'>sit</span> <span class='ocrx_word' id='word_1_236' title='bbox 1549 3248 1785 3307; x_wconf 91' lang='lat' dir='ltr'>ratione</span> <span class='ocrx_word' id='word_1_237' title='bbox 1823 3256 1844 3306; x_wconf 97' lang='lat' dir='ltr'>l</span> <span class='ocrx_word' id='word_1_238' title='bbox 1883 3247 1963 3306; x_wconf 90' lang='lat' dir='ltr'>ad</span> 
     </span>
     <span class='ocr_line' id='line_1_32' title="bbox 232 3338 1301 3415; baseline -0.002 -14"><span class='ocrx_word' id='word_1_239' title='bbox 232 3343 368 3407; x_wconf 89' lang='lat'>100,</span> <span class='ocrx_word' id='word_1_240' title='bbox 399 3343 636 3414; x_wconf 91' lang='lat' dir='ltr'>partem</span> <span class='ocrx_word' id='word_1_241' title='bbox 667 3355 795 3395; x_wconf 89' lang='lat' dir='ltr'>esse</span> <span class='ocrx_word' id='word_1_242' title='bbox 824 3338 1118 3415; x_wconf 90' lang='lat' dir='ltr'>majorem</span> <span class='ocrx_word' id='word_1_243' title='bbox 1149 3349 1301 3399; x_wconf 87' lang='lat' dir='ltr'>tot0.</span> 
     </span>
    </p>

    <p class='ocr_par' dir='ltr' id='par_1_10' title="bbox 226 3429 1964 3609">
     <span class='ocr_line' id='line_1_33' title="bbox 310 3429 1964 3512; baseline 0.001 -22"><span class='ocrx_word' id='word_1_244' title='bbox 310 3429 614 3502; x_wconf 81' lang='lat' dir='ltr'>SecundO,</span> <span class='ocrx_word' id='word_1_245' title='bbox 635 3430 686 3489; x_wconf 90' lang='lat' dir='ltr'>si</span> <span class='ocrx_word' id='word_1_246' title='bbox 715 3430 905 3489; x_wconf 90' lang='lat' dir='ltr'>illatio</span> <span class='ocrx_word' id='word_1_247' title='bbox 935 3431 1209 3510; x_wconf 84' lang='lat' dir='ltr'>legitima</span> <span class='ocrx_word' id='word_1_248' title='bbox 1238 3435 1337 3508; x_wconf 85' lang='lat' dir='ltr'>sit,</span> <span class='ocrx_word' id='word_1_249' title='bbox 1360 3455 1610 3496; x_wconf 85' lang='lat' dir='ltr'>necesse</span> <span class='ocrx_word' id='word_1_250' title='bbox 1641 3443 1749 3507; x_wconf 88' lang='lat' dir='ltr'>est,</span> <span class='ocrx_word' id='word_1_251' title='bbox 1775 3454 1964 3512; x_wconf 91' lang='lat' dir='ltr'>quan-</span> 
     </span>
     <span class='ocr_line' id='line_1_34' title="bbox 226 3523 1961 3609; baseline 0.001 -24"><span class='ocrx_word' id='word_1_252' title='bbox 226 3545 410 3605; x_wconf 91' lang='lat' dir='ltr'>quam</span> <span class='ocrx_word' id='word_1_253' title='bbox 432 3523 696 3584; x_wconf 90' lang='lat' dir='ltr'>absurda</span> <span class='ocrx_word' id='word_1_254' title='bbox 719 3524 818 3597; x_wconf 88' lang='lat' dir='ltr'>sit,</span> <span class='ocrx_word' id='word_1_255' title='bbox 840 3524 918 3584; x_wconf 91' lang='lat' dir='ltr'>sit</span> <span class='ocrx_word' id='word_1_256' title='bbox 941 3535 1147 3586; x_wconf 91' lang='lat' dir='ltr'>tamen</span> <span class='ocrx_word' id='word_1_257' title='bbox 1167 3549 1331 3588; x_wconf 90' lang='lat' dir='ltr'>vera.</span> <span class='ocrx_word' id='word_1_258' title='bbox 1380 3530 1542 3590; x_wconf 88' lang='lat' dir='ltr'>Nam</span> <span class='ocrx_word' id='word_1_259' title='bbox 1564 3530 1694 3609; x_wconf 92' lang='lat' dir='ltr'>ipse</span> <span class='ocrx_word' id='word_1_260' title='bbox 1719 3528 1961 3588; x_wconf 88' lang='lat' dir='ltr'>Clavius</span> 
     </span>
    </p>
   </div>
   <div class='ocr_carea' id='block_1_5' title="bbox 225 3620 1964 3704">
    <p class='ocr_par' dir='ltr' id='par_1_11' title="bbox 225 3620 1964 3704">
     <span class='ocr_line' id='line_1_35' title="bbox 225 3620 1964 3704; baseline 0.001 -24"><span class='ocrx_word' id='word_1_261' title='bbox 225 3631 552 3698; x_wconf 89' lang='lat' dir='ltr'>utrumque</span> <span class='ocrx_word' id='word_1_262' title='bbox 583 3620 863 3693; x_wconf 87' lang='lat' dir='ltr'>affirmat,</span> <span class='ocrx_word' id='word_1_263' title='bbox 898 3639 1012 3679; x_wconf 92' lang='lat' dir='ltr'>nec</span> <span class='ocrx_word' id='word_1_264' title='bbox 1043 3622 1362 3703; x_wconf 87' lang='lat' dir='ltr'>quisquam</span> <span class='ocrx_word' id='word_1_265' title='bbox 1397 3634 1600 3704; x_wconf 86' lang='lat' dir='ltr'>negat,</span> <span class='ocrx_word' id='word_1_266' title='bbox 1632 3643 1870 3703; x_wconf 88' lang='lat' dir='ltr'>nempe,</span> <span class='ocrx_word' id='word_1_267' title='bbox 1901 3631 1964 3682; x_wconf 89' lang='lat' dir='ltr'>et</span> 
     </span>
    </p>
   </div>
  </div>
 </body>
</html>
