2462 4120
590 390 1112 434 MATHEMATICAE
1149 390 1551 432 HomERNAE.
1813 378 1924 431 115

197 559 540 602 mensuram
569 539 897 598 maximam
930 545 987 610 3,
1018 536 1168 596 facit
1198 543 1342 596 243.
1406 537 1494 596 Ut
1524 558 1669 617 ergo
1702 542 1816 608 147
1848 539 1927 598 ad
1987 551 2237 584 DIALOGUS

198 641 299 707 49,
330 635 418 693 ita
447 643 538 692 est
563 641 686 693 243
713 632 792 692 ad
836 638 906 690 81
938 654 951 689 :
999 639 1061 690 et
1090 639 1161 688 ut
1190 637 1263 688 12
1297 629 1377 688 ad
1405 638 1464 704 4,
1495 631 1582 691 ita
1612 641 1703 692 est
1720 653 1928 693 rursus
1995 620 2231 704 »Ἐξ-κ

198 735 318 789 243
348 727 428 787 ἃᾶ
459 734 556 787 81.
647 726 857 787 Quare
886 734 956 784 ut
1010 730 1282 791 147-1-12
1328 723 1407 782 ἃᾶ
1453 731 1533 783 49
1551 734 1670 799 -1-4,
1702 728 1791 787 ita
1837 738 1929 788 est

197 829 317 883 243
357 821 436 881 ad
465 828 564 882 81.
651 821 730 880 Et
758 819 1014 900 proinde
1044 828 1116 879 ut
1144 818 1322 878 radix
1352 818 1708 896 quadratica
1748 825 1857 889 147
1873 831 1921 880 -1-

195 916 399 976 radice
429 915 787 996 quadratica
822 923 892 975 12
925 913 1005 974 ad
1033 913 1303 973 radicem
1333 913 1755 991 quadraticam
1777 924 1855 975 49
1873 926 1921 974 -1-

195 1010 400 1070 radice
431 1010 786 1089 quadratica
834 1017 893 1082 4,
934 1008 999 1067 id
1044 1017 1138 1068 est
1177 1006 1256 1067 ad
1297 1009 1331 1075 7
1344 1015 1458 1081 -1-2,
1490 1007 1578 1067 ita
1617 1017 1708 1068 est
1758 1010 1932 1069 radix

197 1105 552 1185 quadratica
584 1113 705 1165 243
736 1103 816 1163 ἃᾶ
837 1103 1110 1163 radicem
1141 1101 1564 1181 quadraticam
1597 1109 1697 1175 81,
1729 1103 1793 1162 id
1841 1115 1933 1164 est

199 1203 237 1268 7
245 1208 358 1263 42.
445 1200 651 1261 Quare
703 1199 879 1259 radix
936 1197 1293 1276 quadratica
1350 1205 1472 1257 243
1531 1197 1783 1276 aequalis
1843 1209 1935 1258 est

199 1294 391 1355 radici
415 1294 788 1373 quadraticae
818 1295 931 1361 147
941 1293 1200 1358 -1-radice
1221 1292 1580 1371 quadratica
1610 1300 1704 1353 12.
1752 1293 1935 1354 Quod

201 1399 335 1450 erat
364 1389 926 1449 demonstrandum.

287 1485 512 1545 Similis
542 1494 634 1544 est
663 1483 1101 1544 demonstratio
1127 1480 1564 1541 subductionis,
1637 1482 1749 1541 Est
1773 1482 1935 1541 enim

202 1588 272 1640 ut
298 1579 474 1639 radix
522 1578 877 1659 quadratica
930 1580 1044 1645 147
1075 1576 1155 1637 ad
1195 1576 1465 1636 radicem
1517 1576 1935 1656 quadraticam

212 1682 304 1748 12,
333 1674 420 1734 ita
443 1677 480 1742 7
509 1674 591 1733 ad
620 1683 681 1734 2.
770 1673 976 1735 Quare
1007 1673 1058 1732 si
1089 1671 1467 1736 subducatur
1517 1680 1554 1732 2
1605 1692 1682 1731 ex
1726 1674 1788 1745 7,
1821 1672 1937 1731 erit

202 1779 274 1829 ut
300 1768 476 1828 radix
505 1768 859 1847 quadratica
896 1767 1313 1837 147—radice
1354 1767 1714 1847 quadratica
1751 1775 1822 1827 12
1858 1767 1937 1826 ἃᾶ

202 1863 469 1923 radicem
515 1863 936 1943 quadraticam
989 1871 1082 1936 12,
1105 1863 1195 1922 ita
1243 1867 1428 1936 7—2,
1459 1863 1524 1923 id
1554 1872 1646 1922 est
1680 1869 1736 1935 5,
1767 1861 1847 1921 ad
1877 1869 1934 1921 2.

202 1958 315 2019 Est
363 1967 570 2018 autem
616 1957 948 2037 quadratus
979 1978 1016 2018 a
1046 1965 1295 2018 5:25:
1342 1960 1447 2037 qui
1495 1957 1939 2036 multiplicatus

201 2073 311 2132 per
355 2052 611 2114 eandem
667 2053 995 2114 maximam
1046 2074 1394 2114 mensuram
1441 2072 1828 2113 communem
1881 2060 1938 2124 3,

201 2147 350 2208 facit
372 2151 472 2215 75.
515 2148 625 2207 Est
653 2168 799 2227 ergo
829 2156 898 2208 ut
927 2149 1104 2208 radix
1123 2148 1482 2228 quadratica
1519 2147 1935 2216 147—radice

203 2241 557 2321 quadratica
592 2250 685 2316 12,
717 2243 796 2303 ad
826 2248 862 2311 7
865 2252 1010 2317 —2,
1040 2245 1130 2304 ita
1157 2244 1334 2304 radix
1365 2243 1726 2323 quadratica
1758 2245 1834 2310 75
1856 2242 1936 2302 ad

205 2340 386 2410 7—2,
417 2337 541 2396 sive
570 2337 649 2397 ad
680 2345 736 2397 5.
823 2339 934 2399 Est
957 2359 1103 2419 ergo
1134 2340 1310 2399 radix
1333 2338 1691 2418 quadratica
1736 2344 1934 2405 147—

204 2430 408 2490 radice
433 2431 789 2510 quadratica
819 2440 911 2507 12,
932 2434 1182 2514 aequalis
1211 2434 1404 2494 radici
1434 2432 1810 2512 quadraticae
1836 2437 1931 2492 75.

204 2524 433 2585 Eadem
462 2534 554 2586 est
581 2527 906 2588 methodus
937 2530 1121 2589 etiam
1150 2531 1216 2589 in
1246 2529 1657 2589 subducendis
1705 2527 1933 2588 adden-

206 2617 418 2698 disque
465 2621 770 2682 radicibus
829 2624 1077 2696 cubicis,
1109 2634 1171 2685 et
1219 2624 1526 2686 radicibus
1574 2632 1935 2684 caeterarum

206 2722 595 2791 potestatum,
624 2716 740 2776 nisi
770 2718 936 2796 quod
981 2719 1046 2779 in
1095 2719 1409 2779 additione
1439 2728 1502 2779 et
1533 2718 1937 2778 subductione

209 2805 481 2868 radicum
504 2810 997 2887 quadraticarum
1028 2813 1487 2892 quadratorum,
1512 2813 1618 2892 qui
1662 2832 1738 2871 ex
1784 2812 1936 2871 divi-

213 2899 383 2960 sione
411 2922 803 2968 numerorum
832 2927 942 2986 per
970 2909 1298 2968 maximam
1320 2928 1532 2967 eorum
1551 2927 1939 2966 communem

212 3012 555 3056 mensuram
584 2998 883 3074 oriuntur,
915 3021 1150 3062 summa
1177 3002 1275 3062 vel
1305 3001 1648 3061 differentia
1695 3001 1939 3060 ducitur

212 3086 277 3144 in
306 3107 685 3151 communem
713 3114 1060 3156 mensuram
1088 3123 1102 3166 ;
1148 3098 1212 3156 in
1243 3097 1480 3156 caeteris
1502 3115 1647 3155 vero
1668 3105 1938 3174 potesta-

213 3190 346 3241 tum
397 3183 718 3259 radicibUS,
771 3208 1006 3251 summa
1052 3200 1114 3251 et
1172 3191 1518 3251 differentia
1562 3198 1940 3269 potestatum

212 3277 594 3354 propriarum
662 3282 975 3360 addendae,
1035 3297 1098 3347 et
1169 3285 1646 3357 substrahendae,
1701 3294 1763 3344 et
1832 3302 1941 3362 per

212 3379 603 3422 numerorum
666 3370 1116 3446 propositorum
1168 3371 1496 3430 maximam
1554 3387 1940 3428 communem

213 3471 560 3515 mensuram
589 3459 1063 3539 multiplicandae
1094 3474 1259 3525 sunt.

296 3548 379 3607 B.
427 3549 584 3609 Sunt
613 3552 743 3613 haec
774 3556 1016 3633 quidem
1044 3558 1276 3637 liquido
1309 3566 1371 3617 et
1393 3556 1659 3616 breviter
1693 3554 1939 3612 demon-

212 3650 432 3712 strata3
464 3643 570 3704 sed
588 3644 840 3708 fortasse
860 3650 1042 3711 etiam
1061 3652 1475 3712 demonstrata
1497 3658 1637 3709 sunt
1656 3648 1719 3705 in
1740 3645 1938 3724 capite

1666 3760 1689 3799 1
1722 3760 1745 3794 2
