2462 4120
568 426 1092 469 MATHEMATICAE
1128 427 1535 470 HODIERNAE.
1841 413 1920 478 77

185 570 420 631 diversa
471 575 561 626 est
610 567 744 626 haec
802 564 1085 623 Euclidis.
1173 564 1574 624 Manifestum
1624 566 1786 624 enim
1831 577 1924 625 est
1986 589 2236 623 mALoGns

184 665 333 724 duas
374 661 674 741 quaslibet
718 658 1074 719 velocitates
1120 658 1383 718 duorum
1426 681 1751 738 corporum
1794 682 1924 720 mo·
2090 658 2143 689 ¹¹·
2223 715 2230 725 ,

180 767 402 828 torum,
448 756 675 815 habere
722 755 885 814 inter
927 774 990 813 se
1031 763 1266 813 certam
1307 753 1573 831 aliquam
1604 756 1924 829 rationem,

181 862 246 911 et
275 850 541 930 quidem,
584 849 730 908 dum
761 849 1119 909 velocitates
1161 849 1282 908 illae
1317 849 1549 908 eaedem
1581 858 1741 922 sunt,
1784 871 1926 910 ean-

181 945 340 1007 dem.
439 944 843 1005 Velocitatem
879 955 1086 1005 autem
1129 944 1344 1003 definit
1376 944 1682 1015 Hobbius,
1710 954 1925 1023 poten-

180 1040 334 1101 tiam
363 1060 498 1100 esse
527 1039 769 1099 mobilis
807 1040 870 1099 in
900 1047 1170 1119 tempore
1201 1038 1610 1098 determinato
1642 1038 1929 1098 determi-

179 1143 390 1194 natam
421 1133 858 1214 longitudinem
878 1132 1269 1214 permeandi.
1356 1133 1450 1191 Ex
1474 1132 1568 1191 his
1592 1133 1928 1193 manifestis

179 1228 639 1307 generationem
660 1228 896 1307 colligit
916 1227 1191 1306 ejusdem
1212 1226 1503 1289 rationis,
1559 1226 1726 1285 Dicit
1746 1228 1927 1301 enim,

179 1322 240 1384 .ςί
268 1323 386 1382 duo
417 1322 688 1395 mobilia,
715 1330 1039 1401 utrumque
1069 1320 1393 1380 velocitate
1424 1320 1757 1394 invariata,
1778 1342 1930 1401 per-

181 1425 441 1476 eurrant
469 1417 625 1476 duas
655 1415 1076 1496 longitudines
1106 1423 1379 1495 tempore
1409 1414 1635 1482 eodem,
1667 1435 1777 1474 eas
1808 1415 1932 1474 lon-

176 1511 501 1591 gitudines
546 1511 848 1571 rationem
887 1509 1117 1570 habere
1159 1511 1322 1569 inter
1359 1530 1426 1568 se
1468 1510 1724 1569 eandem
1758 1532 1932 1589 quam

179 1604 407 1666 liabent
444 1605 798 1666 velocitates
839 1606 1034 1686 ipsae:
1080 1614 1141 1665 et
1172 1625 1401 1679 rursm,
1441 1604 1499 1663 si
1531 1605 1649 1664 duo
1681 1605 1932 1665 mobilia

181 1708 495 1780 utrumque
541 1701 755 1761 eadem
807 1700 1128 1760 invariata
1178 1700 1507 1760 velocitate
1548 1709 1932 1781 pereurrant

181 1795 340 1855 duas
398 1795 837 1877 longitudine&
895 1795 1122 1855 habere
1178 1817 1285 1855 eas
1343 1796 1595 1856 eandem
1653 1795 1818 1855 inter
1863 1816 1932 1854 se

179 1889 498 1963 rationem,
550 1910 733 1970 quam
774 1889 996 1950 habent
1042 1890 1207 1950 inter
1257 1912 1326 1950 se
1381 1899 1662 1971 tempora
1708 1890 1930 1970 quibus

170 1993 654 2066 percurruntur.
743 1985 982 2047 Quibus
1035 1987 1269 2064 positiS‚
1327 1987 1450 2046 sint
1503 1986 1624 2046 duo
1678 1985 1932 2046 mobilia

180 2078 262 2139 ad
299 2089 599 2159 punctum
628 2080 703 2154 A,
748 2089 1230 2160 moveanturque
1276 2102 1482 2160 aequa·
1674 2129 1706 2160 D
1824 2090 1853 2120 Β

179 2173 287 2233 bili
344 2174 670 2235 velocitate
737 2195 848 2254 per
910 2177 966 2235 A
987 2176 1056 2249 Β,
1122 2176 1177 2235 Α
1201 2176 1268 2236 c.
1402 2177 1482 2236 Et
1509 2144 1854 2278 Δ

180 2266 564 2329 velocitatem
595 2270 842 2348 quidem
870 2271 1050 2330 unius
1086 2280 1484 2350 repraesentet
1519 2294 1549 2323 A
1672 2294 1697 2323 E
1828 2294 1851 2322 c

180 2361 318 2431 AB,
362 2364 753 2424 velocitatem
798 2375 1006 2426 autem
1050 2366 1301 2426 alterius
1344 2376 1744 2446 repraesentet
1790 2366 1925 2425 AC.

181 2455 444 2518 Venient
468 2478 616 2538 ergo
641 2460 900 2520 alterum
925 2461 1003 2520 ad
1030 2461 1099 2533 B,
1132 2461 1392 2521 alterum
1418 2462 1497 2521 ad
1521 2462 1589 2535 C,
1621 2462 1684 2521 in
1710 2460 1928 2520 eodem

183 2561 459 2632 tempore
489 2554 627 2628 AO,
663 2564 992 2634 propterea
1023 2556 1188 2635 quod
1223 2557 1578 2617 velocitates
1609 2557 1929 2616 amborum

185 2647 671 2710 determinantur
699 2671 809 2730 per
839 2652 1036 2730 spatia
1067 2672 1202 2730 quae
1233 2651 1451 2712 eodem
1486 2661 1761 2731 tempore
1791 2671 1929 2729 per-

185 2755 459 2805 currunt.
533 2745 847 2818 Similiter,
874 2746 926 2805 si
947 2746 1009 2805 in
1034 2756 1209 2825 parte
1234 2748 1527 2826 temporis
1551 2746 1687 2819 AC,
1712 2745 1930 2805 iisdem

185 2839 436 2899 servatis
462 2840 911 2915 velocitatibUS,
937 2841 1197 2901 alterum
1223 2842 1430 2902 veniat
1457 2842 1537 2902 ad
1559 2842 1635 2916 D,
1667 2841 1930 2900 alterum

184 2931 262 2992 ad
292 2933 364 3007 Ε,
408 2954 618 2995 rursus
665 2944 846 2996 erunt
892 2937 1091 3015 spatia
1136 2957 1430 3016 percursa
1460 2938 1582 2997 AD
1624 2945 1686 2997 et
1715 2937 1832 2995 ΑΕ
1862 2943 1932 2995 ut

185 3026 540 3089 velocitates
570 3030 820 3104 eaedem,
869 3030 934 3090 id
964 3041 1075 3104 est,
1112 3042 1184 3091 ut
1213 3032 1333 3092 AB
1370 3032 1445 3092 ad
1478 3032 1611 3092 AC.
1697 3030 1930 3090 Eodem

184 3120 390 3195 mode,
421 3122 471 3182 si
498 3124 722 3184 mobile
759 3124 925 3184 idem
955 3126 1161 3186 veniat
1201 3126 1281 3186 ad
1311 3127 1362 3186 B
1392 3127 1454 3186 in
1485 3136 1761 3205 tempore
1791 3125 1927 3197 AC,

184 3215 390 3275 veniet
436 3216 516 3275 ad
555 3217 610 3276 D
650 3218 714 3277 in
753 3229 929 3297 parte
971 3219 1131 3280 illius
1162 3222 1476 3300 temporis,
1517 3230 1667 3300 puta
1696 3220 1762 3279 in
1790 3220 1927 3291 ΑΕ,

172 3328 325 3387 quae
355 3308 435 3368 sit
463 3311 658 3388 spatio
693 3312 815 3371 AD
844 3313 1193 3393 homologa.
1282 3315 1413 3374 Nec
1443 3324 1686 3375 tantum
1716 3334 1928 3373 verum

185 3401 305 3462 hoc
335 3414 430 3462 est
460 3402 523 3462 in
553 3413 741 3478 mom,
783 3407 891 3466 sed
932 3408 1117 3467 etiam
1154 3409 1217 3468 in
1259 3410 1427 3468 omni
1460 3429 1685 3488 genere
1717 3427 1924 3467 causa-

186 3495 392 3569 tioniS,
450 3497 556 3556 ubi
613 3519 796 3560 causa
843 3503 1178 3581 aequalibus
1235 3504 1613 3582 temporibus
1670 3501 1926 3580 aequalia

187 3608 428 3669 semper
457 3591 660 3652 efficit.
729 3593 945 3672 Itaque
984 3598 1237 3656 eandem
1277 3597 1576 3656 rationem
1612 3597 1769 3674 (cap.
1796 3595 1922 3653 xiii.

187 3694 302 3744 art.
323 3692 381 3759 6,
413 3685 554 3745 libri
580 3705 668 3746 DE
693 3694 1040 3767 CORPORE)
1071 3691 1158 3752 sic
1190 3689 1469 3751 definivit
1487 3714 1509 3750 .·
1556 3691 1744 3750 Ratio
1771 3708 1923 3768 geo-
