2462 4120
580 393 1109 438 MATHEMATICAE
1147 395 1553 437 HoomRNAE.
1827 386 1940 439 169

285 534 597 614 Capitibus
650 534 735 594 xii
776 544 839 593 et
882 534 990 592 xiii
1042 541 1427 611 argumenta,
1483 554 1620 612 quae
1668 535 1940 608 adducit,
2004 557 2259 590 mALocns

199 631 349 689 nihil
399 629 657 707 amplius
702 629 966 708 probant
997 648 1179 706 quam
1211 627 1375 705 quod
1404 629 1663 706 angulus
1694 640 1942 690 contac-
2012 684 2016 692 ,
2113 625 2160 657 v.
2239 683 2250 692 ,

198 735 295 784 tus
317 723 524 802 anguli
543 723 841 783 rectilinei
860 743 984 782 non
1005 731 1095 781 est
1114 741 1257 800 pars
1279 745 1292 779 ε
1325 722 1490 800 quod
1512 742 1636 781 non
1660 737 1942 802 negatur.

283 819 498 897 Capite
527 819 649 890 xiv,
687 828 1053 897 argumenta
1084 817 1350 895 explicat
1381 816 1703 895 desumpta
1733 838 1806 877 ex
1838 840 1944 898 op·

201 914 323 972 tica
350 913 716 986 Vitellionis,
753 913 849 990 (ut
888 933 965 971 ne
1013 912 1193 989 hujus
1242 909 1491 989 quidem
1543 910 1945 990 philosophiae

198 1008 389 1086 partis
441 1007 691 1086 ignarus
742 1027 870 1067 esse
914 1006 1289 1084 videretur):
1350 1005 1458 1064 sed
1509 1006 1586 1063 ab
1630 1005 1749 1064 illis
1793 1007 1946 1066 nihil

196 1102 363 1161 aliud
410 1102 673 1161 derivari
723 1111 948 1181 potest,
1000 1111 1415 1180 praeterquam
1469 1099 1634 1178 quod
1687 1102 1946 1179 angulus

198 1205 516 1256 contactus
547 1197 773 1276 angulo
805 1196 1124 1255 rectilineo
1156 1195 1308 1254 nihil
1338 1194 1532 1254 addit.
1608 1194 1794 1255 Quod
1818 1196 1945 1274 qui-

196 1291 336 1350 dem
365 1292 498 1350 fieri
528 1300 748 1370 potest,
777 1311 852 1350 ex
881 1311 952 1350 00
985 1289 1151 1370 (111οᾶ
1191 1289 1526 1368 quantitati
1575 1288 1728 1348 nihil
1775 1290 1948 1349 addit

195 1407 318 1446 non
372 1386 555 1446 modo
616 1386 923 1465 quantitas
976 1385 1164 1459 nulla,
1226 1385 1333 1445 sed
1391 1384 1575 1444 etiam
1635 1386 1947 1464 quantitas

126 1473 130 1478 ’
195 1482 625 1560 heterogenea.

281 1577 615 1649 PostremO,
657 1575 856 1654 capite
887 1596 985 1648 xv,
1032 1575 1368 1654 respondet
1414 1574 1494 1634 ad
1541 1574 1734 1634 Clavii
1782 1595 1945 1653 quae-

197 1671 339 1730 dam
393 1670 734 1730 corollaria.
823 1670 1104 1730 Quorum
1154 1690 1347 1729 unum
1388 1678 1498 1742 est,
1542 1669 1708 1748 quod
1740 1678 1948 1750 potest

197 1766 409 1845 aliqua
461 1765 780 1845 quantitas
831 1764 1114 1824 continue
1165 1774 1226 1824 et
1286 1765 1526 1843 infinite
1584 1764 1830 1846 angeri,
1889 1774 1949 1824 et

197 1868 398 1920 tamen
474 1868 861 1940 augmentum
931 1858 1103 1918 illius
1173 1868 1695 1941 quantumcunque
1751 1860 1947 1919 minus

194 1974 439 2035 semper
485 1954 607 2013 erit
653 1954 1038 2014 decremento
1088 1955 1308 2033 hujus:
1354 1955 1522 2034 quod
1580 1954 1827 2033 quidem
1872 1975 1944 2014 eo

196 2070 377 2109 sensu
432 2068 612 2127 quem
667 2048 785 2108 hoc
832 2050 967 2109 loco
1019 2050 1247 2109 habere
1313 2050 1516 2122 debet,
1571 2050 1803 2109 dictum
1851 2061 1946 2110 est

192 2144 371 2222 plane
403 2143 755 2204 absurdum.
822 2145 1123 2216 Alterum,
1149 2145 1412 2204 transiri
1429 2165 1622 2225 posse
1651 2166 1691 2204 a
1715 2145 1948 2204 minore

194 2238 285 2297 ad
307 2240 526 2317 majm,
550 2238 651 2297 vel
675 2246 913 2312 contra,
942 2247 1003 2298 et
1018 2258 1148 2319 per
1187 2239 1389 2298 omnia
1419 2239 1623 2298 media
1648 2262 1671 2307 ;
1715 2260 1825 2299 nec
1854 2247 1944 2299 ta—

195 2354 326 2392 men
345 2354 474 2414 per
500 2333 732 2412 (equale
751 2357 773 2394 .·
806 2334 972 2413 quod
997 2344 1087 2393 est
1106 2334 1633 2394 absurdissimum.
1682 2335 1942 2395 Hiccine

194 2428 310 2487 fuit
356 2429 462 2507 qui
513 2429 666 2488 adeo
706 2430 967 2508 superbe
1014 2429 1418 2489 insultaverat
1445 2430 1572 2489 JOS.
1606 2430 1938 2509 Scaliger0‚

193 2523 359 2600 quod
409 2524 645 2584 dixerat
699 2524 908 2584 latera
967 2533 1035 2584 12
1084 2524 1472 2606 dodecagoni
1519 2527 1763 2603 majora
1808 2546 1944 2585 esse

187 2617 527 2696 perimetro
576 2619 803 2679 circuli
849 2620 1362 2701 circumscripti?
1452 2621 1639 2682 Quod
1692 2621 1940 2700 quidem

197 2710 525 2770 absurdum
556 2723 708 2787 erat,
741 2714 848 2773 sed
884 2735 1008 2774 non
1055 2726 1182 2774 tam
1217 2735 1399 2793 quam
1444 2724 1786 2775 monstrum
1823 2717 1941 2776 hoc

200 2804 408 2878 Claudi,
437 2819 690 2886 propter
721 2810 887 2889 quod
916 2810 1316 2888 geometriam
1352 2811 1546 2889 ipsam
1578 2831 1702 2870 non
1733 2812 1940 2889 magni

197 2898 466 2959 facerent
515 2901 793 2962 homines
845 2925 969 2963 non
1016 2915 1369 2982 geometrae.
1459 2907 1543 2965 At
1595 2915 1771 2965 notat
1822 2907 1940 2966 hoc

198 3011 320 3050 non
353 3002 422 3051 ut
449 2995 778 3056 absurdum
806 2998 1136 3068 Wallisius,
1169 2999 1275 3059 sed
1305 3011 1374 3059 ut
1402 3000 1644 3060 falsum.

282 3085 363 3144 B.
409 3086 642 3162 Restat,
674 3092 962 3169 quoniam
1002 3094 1229 3172 angulo
1273 3104 1594 3154 contactus
1632 3095 1940 3173 quantita-

197 3190 322 3238 tem
354 3181 590 3254 tribuiS,
625 3185 731 3244 sed
762 3188 971 3266 anguli
1000 3189 1303 3248 rectilinei
1333 3191 1668 3269 quantitati
1697 3190 1938 3250 hetero-

197 3293 474 3351 geneam‚
503 3286 573 3335 ut
602 3281 885 3342 ostendas
909 3303 1095 3361 quare
1127 3284 1206 3366 sit
1234 3285 1646 3364 heterogenea
1672 3312 1687 3354 ;
1733 3295 1795 3344 et
1818 3305 1940 3363 qua

197 3387 483 3428 mensura
513 3374 883 3449 quantitates
928 3377 1189 3437 duorum
1220 3380 1585 3458 angulorum
1617 3390 1939 3439 contactus

197 3462 437 3539 possint
488 3469 844 3528 mensurari.
932 3471 1133 3533 Primo
1181 3482 1407 3545 autem,
1451 3474 1599 3550 quid
1652 3482 1742 3532 est
1787 3471 1938 3530 illud

198 3576 327 3616 0550
353 3557 774 3638 homogeneum
798 3566 832 3620 ,9
877 3564 955 3623 Et
975 3566 1119 3643 quid
1151 3578 1241 3626 est
1271 3587 1402 3626 esse
1425 3566 1938 3647 heterogeneum?

283 3652 360 3710 A.
411 3653 816 3734 Homogeneae
861 3661 1234 3735 quantitates
1285 3671 1447 3734 sunt,
1480 3682 1737 3739 quarum
1768 3679 1935 3718 men-
