2462 4120
560 396 1083 440 MATHEMATICAE
1118 397 1523 440 HODIERNAE.
1788 389 1901 442 123

172 540 223 600 si
250 535 673 614 rectangulum
714 534 954 594 dicatur
994 553 1125 593 esse
1163 541 1256 607 12,
1303 535 1666 614 intelligitur
1712 538 1906 597 conti-
1967 556 2220 592 DIALOGUS

170 653 316 694 nere
352 639 422 691 12
468 630 828 708 rectangula
871 629 1131 707 aequalia
1175 636 1236 687 et
1279 630 1397 687 toti
1439 630 1696 699 similia3
1743 631 1908 710 quod
1978 685 1984 695 ,
2063 626 2137 658 ¹1¹·
2206 681 2216 692 .

173 728 226 787 si
255 724 563 786 dividatur
592 744 703 803 per
731 730 790 796 6,
838 722 1202 800 intelligitur
1245 742 1355 801 per
1385 730 1444 796 6,
1494 743 1600 783 sex
1652 745 1725 784 ex
1775 726 1910 786 istis

173 818 562 898 rectangulis.
651 819 745 877 Ita
774 826 844 877 ut
883 818 933 876 si
965 826 1277 895 quaeratur
1323 817 1563 895 quoties
1604 825 1641 876 6
1672 829 1910 880 rectan-

174 915 318 996 gula
356 913 790 974 contineantur
827 913 893 972 in
930 920 1004 972 12
1051 912 1425 990 rectangulis
1469 912 1743 990 ejusdem
1774 933 1912 972 cum

173 1011 292 1070 illis
336 1008 795 1088 magnitudiniS,
837 1006 1309 1087 respondebitur
1358 1006 1722 1080 (secundum
1767 1028 1913 1086 quo-

173 1104 453 1181 tientem)
514 1109 572 1163 2.
682 1103 900 1182 Itaque
958 1102 1287 1182 applicatio
1341 1111 1796 1181 geometrarum
1855 1112 1917 1162 et

176 1199 391 1259 divisio
437 1197 961 1257 arithmeticorum
1007 1197 1222 1257 eadem
1268 1196 1397 1256 fere
1440 1216 1538 1256 res
1577 1206 1689 1270 est,
1735 1205 1805 1256 ut
1855 1207 1919 1256 et

178 1294 386 1355 ductio
437 1302 891 1371 geometrarum
938 1301 1001 1352 et
1050 1291 1580 1352 arithmeticorum
1630 1292 1918 1370 multipli-

178 1389 376 1458 catio;
420 1388 538 1447 nisi
570 1387 732 1466 quod
763 1386 1192 1466 multiplicatio
1222 1386 1402 1446 lineae
1435 1405 1546 1465 per
1574 1405 1918 1458 numerum,

178 1503 493 1562 nunquam
541 1483 829 1562 producit
887 1482 1294 1561 superficiem,
1354 1482 1462 1541 sed
1511 1482 1746 1549 lineas;
1806 1501 1921 1540 nec

179 1578 506 1658 applicatio
535 1577 776 1636 numeri
805 1576 884 1636 ad
912 1578 1164 1655 planum
1193 1576 1344 1636 facit
1373 1596 1644 1655 unquam
1675 1576 1918 1635 lineam.

183 1673 366 1735 Quod
395 1682 601 1733 autem
639 1673 820 1745 latuS,
850 1671 916 1731 id
956 1680 1048 1731 est
1082 1672 1263 1745 linea,
1294 1691 1406 1751 per
1450 1671 1923 1751 applicationem

180 1768 458 1848 prodeat,
491 1787 630 1826 cum
659 1786 768 1845 per
798 1766 1156 1826 divisionem
1185 1766 1445 1845 prodeat
1474 1785 1765 1826 numerus
1793 1785 1925 1824 rec-

179 1863 592 1942 tangulorum,
624 1861 688 1922 id
719 1862 1044 1940 contingit,
1077 1862 1223 1941 quia
1263 1861 1596 1921 similitudo
1628 1870 1691 1920 et
1721 1881 1924 1940 aequa-

179 1959 320 2019 litas
348 1958 846 2036 rectangulorum
867 1957 1017 2017 facit
1042 1966 1111 2017 ut
1134 1957 1396 2017 alterum
1424 1957 1671 2036 quidem
1692 1956 1927 2015 indicet

181 2073 504 2114 numerum
560 2052 1063 2131 rectangulorum
1121 2051 1409 2112 similium
1456 2060 1519 2111 et
1578 2050 1924 2130 aequalium,

183 2150 444 2210 alterum
491 2167 636 2206 vero
685 2167 1011 2207 numerum
1063 2147 1598 2226 multiplicantem.
1711 2145 1928 2223 Neque

184 2243 250 2303 in
294 2243 668 2322 rectangulis
720 2251 982 2316 tantum,
1037 2242 1146 2302 sed
1197 2243 1382 2302 etiam
1439 2242 1503 2301 in
1556 2241 1929 2321 quibuslibet

185 2338 764 2417 parallelogrammis
793 2337 957 2397 idem
980 2337 1224 2397 accidit.
1302 2337 1484 2399 Quod
1512 2357 1652 2397 cum
1676 2336 1777 2396 ille
1801 2356 1928 2395 non

186 2432 441 2505 videret,
466 2432 619 2491 mire
647 2452 710 2491 se
733 2441 1000 2511 torquet,
1029 2431 1219 2491 cruda
1242 2440 1305 2491 et
1326 2432 1632 2511 indigesta
1655 2431 1928 2510 cogitata

189 2545 299 2586 sua
328 2526 633 2605 explicare
668 2527 938 2605 cupiens,
1027 2526 1242 2605 Itaque
1274 2526 1632 2587 divisionem
1662 2546 1793 2586 esse
1822 2546 1929 2584 ne-

188 2632 314 2703 gat,
364 2624 484 2684 nisi
532 2643 919 2700 καταχρηστικῶς,
953 2624 1452 2703 quotientemque
1508 2644 1634 2684 non
1683 2622 1930 2702 proprie

191 2718 314 2778 dici
367 2718 433 2778 id
499 2718 665 2798 quod
723 2719 951 2797 prodit,
1010 2738 1124 2777 nec
1185 2718 1558 2797 respondere
1627 2716 1932 2796 questioni

192 2821 338 2893 quot
393 2824 500 2873 aut
558 2814 797 2894 quoties
820 2838 844 2883 ;
918 2834 1059 2874 cum
1117 2823 1326 2873 tamen
1382 2813 1778 2874 manifestum
1835 2811 1932 2880 sit,

193 2905 277 2979 id,
330 2907 767 2987 quodprodit,
819 2928 948 2968 esse
997 2908 1159 2968 latus
1205 2909 1380 2986 cujus
1429 2916 1746 2987 segmenta
1791 2915 1934 2966 sunt

194 3019 481 3059 numerus
524 3011 981 3080 segmentorum
1024 3001 1304 3061 indicans
1352 3003 1592 3081 quoties
1642 3019 1932 3060 numerus

195 3093 500 3153 minorum
543 3096 1251 3176 parallelogrammorum
1297 3098 1689 3157 contineatur
1718 3097 1782 3155 in
1824 3116 1933 3174 pa-

196 3186 682 3267 rallelogrammo
711 3200 865 3251 toto.
946 3191 1227 3270 Exempli
1255 3193 1492 3271 gratia3
1523 3193 1587 3251 in
1617 3190 1934 3271 parallelo-

198 3300 476 3361 grammo
523 3282 786 3358 ABCD,
831 3285 1024 3345 diviso
1055 3285 1175 3344 AB
1216 3286 1281 3345 in
1325 3292 1363 3346 6
1400 3296 1605 3366 partes
1649 3284 1931 3363 aequales,

200 3385 265 3435 et
303 3375 420 3435 AC
465 3375 530 3435 in
576 3382 613 3435 2
656 3388 862 3456 partes
910 3383 1171 3461 aequales
1218 3382 1355 3455 ΑΕ,
1408 3381 1540 3451 Ec,
1587 3381 1747 3439 latus
1797 3377 1932 3448 AC,

199 3489 420 3548 nempe
493 3473 791 3549 quotienS,
850 3487 943 3536 est
1001 3487 1059 3550 2,
1117 3477 1396 3536 indicans
1456 3496 1562 3535 sex
1617 3471 1935 3552 parallelo-

201 3583 478 3643 gramma
527 3573 814 3627 contenta
868 3569 933 3628 in
990 3573 1046 3630 A
1071 3572 1118 3629 F
1177 3570 1480 3630 contineri
1537 3568 1629 3627 bis
1686 3567 1748 3624 in
1801 3573 1933 3623 toto

201 3658 765 3738 parallelogrammo
817 3659 956 3723 Bc.
1086 3664 1323 3724 Deinde
1381 3662 1564 3741 paulo
1621 3668 1778 3738 post,
1836 3655 1936 3715 ubi
