2462 4120
787 425 877 465 DE
912 423 1195 466 NATURA
1226 425 1453 467 AERIS.
1867 413 1987 478 267

247 566 495 637 incussi,
526 572 618 624 est
669 564 1043 643 compressio
1083 564 1248 623 intra
1294 565 1562 624 vesicam
1614 586 1750 644 quae
1797 575 1990 641 extra,

249 662 422 740 cujus
468 666 741 733 conatuS‚
777 668 1030 738 propter
1073 659 1238 718 viam
1279 668 1557 718 motuum
1599 661 1992 740 undiquaque

250 755 654 826 decussatam,
686 752 886 812 tendit
923 752 1318 831 undiquaque
1355 753 1434 811 ad
1481 756 1864 832 superficiem
1892 777 1994 815 ve-

250 851 392 910 sicae
416 868 767 908 concavam.
858 848 1064 909 Quare
1104 848 1513 908 necessarium
1564 858 1655 907 est
1700 859 1770 908 ut
1815 851 1995 910 undi-

252 964 493 1024 quaque
514 943 906 1015 intumescat,
919 951 980 1002 et
999 951 1314 1002 crescente
1334 951 1591 1002 conatus
1611 943 1996 1004 vehementia

251 1039 501 1100 tandem
530 1038 857 1098 laceretur.

337 1133 418 1194 B.
467 1133 532 1193 Si
555 1152 722 1206 acuS,
748 1140 1034 1211 magnete
1054 1132 1312 1204 excituS,
1333 1130 1526 1189 libere
1548 1130 1815 1208 pendeat
1832 1130 1998 1191 intra

251 1228 572 1307 recipienS‚
595 1235 883 1306 sequetur
913 1236 1120 1286 tamen
1144 1226 1246 1285 ille
1269 1235 1505 1284 motum
1529 1224 1677 1284 ferri
1701 1225 1866 1304 quod
1885 1226 1999 1285 cir-

252 1323 642 1383 cumducitur
688 1330 862 1382 extra
906 1321 1228 1400 recipiens,
1316 1320 1473 1379 Item
1527 1320 1788 1398 objecta,
1835 1320 2000 1379 intus

251 1418 471 1497 posita,
506 1418 582 1477 ab
630 1417 705 1477 iis
754 1417 859 1495 qui
906 1425 1080 1476 extra
1130 1424 1274 1476 sunt
1318 1415 1711 1487 videbuntur,
1758 1424 1820 1475 et
1866 1415 2002 1474 soni

251 1515 419 1572 intus
440 1512 589 1572 facti
618 1511 962 1572 audientur.
1053 1510 1277 1570 Omnia
1305 1510 1437 1569 haec
1462 1529 1635 1588 aeque
1660 1518 1798 1588 post
1821 1519 2003 1589 atque

254 1618 399 1668 ante
429 1607 817 1666 exuctionem
840 1606 1019 1679 aeris,
1038 1605 1159 1664 nisi
1181 1604 1346 1684 quod
1370 1604 1504 1664 soni
1522 1613 1663 1664 sunt
1688 1605 2002 1684 aliquanto

254 1712 395 1783 post
426 1723 610 1782 quam
634 1710 776 1761 ante
808 1701 1150 1761 debiliores,

340 1797 421 1857 A.
469 1797 973 1857 Manifestissima
1029 1797 1162 1856 haec
1223 1805 1366 1855 sunt
1425 1797 1602 1875 signa
1653 1795 2006 1874 recipientis

256 1912 498 1972 semper
538 1892 724 1972 pleni,
755 1912 872 1951 nec
902 1912 1080 1971 posse
1110 1891 1254 1950 inde
1286 1892 1470 1971 exugi
1511 1910 1733 1950 aerem.
1823 1890 2009 1952 Quod

255 1996 463 2048 autem
510 1987 646 2048 soni
684 1987 828 2047 inde
870 1987 1218 2047 sentiantur
1254 1986 1598 2059 debiliores,
1632 1986 1875 2064 signum
1915 1995 2008 2044 est

257 2082 674 2142 consistentiae
692 2083 869 2142 aeriS.
917 2082 965 2141 C
973 2082 1338 2142 onsistentia
1367 2091 1574 2141 autem
1593 2081 1749 2140 aeris
1773 2101 1809 2140 a
1832 2088 2008 2140 motu

257 2179 387 2258 ejus
419 2187 512 2237 est
541 2197 652 2256 per
682 2177 873 2237 lineas
904 2176 1346 2236 diametraliter
1370 2176 1702 2255 oppositas

343 2271 425 2332 B.
469 2271 672 2330 Etiam
697 2270 818 2330 duo
847 2270 1117 2350 pendula
1135 2270 1394 2349 aequalia
1423 2279 1486 2329 et
1509 2270 1748 2341 similia,
1780 2269 1843 2327 in
1875 2268 2012 2328 alti-

257 2366 471 2427 tudine
495 2365 732 2446 aequali,
766 2366 817 2425 si
846 2366 1109 2425 alterum
1138 2365 1201 2423 in
1233 2384 1373 2423 aere
1403 2365 1617 2437 libero,
1652 2363 1915 2423 alterum
1944 2363 2010 2423 in

257 2470 516 2521 vacuato
545 2462 878 2540 recipiente
902 2480 1263 2540 suspensum
1295 2460 1393 2532 sit,
1415 2459 1715 2537 simulque
1744 2466 2012 2517 retracta

262 2557 385 2617 sint
413 2578 451 2618 a
480 2557 601 2617 situ
629 2556 1166 2636 perpendiculari;
1213 2575 1426 2615 eorum
1471 2555 1693 2614 itiones
1739 2563 1799 2614 et
1851 2553 2011 2612 redi-

261 2652 460 2712 tiones
491 2651 672 2711 simul
694 2651 1091 2711 absolventur
1117 2677 1131 2718 ;
1180 2650 1528 2710 differentia
1558 2650 1775 2710 saltem
1815 2648 2011 2708 mani-

261 2746 419 2806 festa
440 2767 566 2806 non
597 2755 872 2826 apparet.

346 2838 424 2900 A.
471 2840 688 2901 CredO.
745 2841 1072 2920 Recipiens
1096 2840 1261 2900 enim
1289 2860 1414 2899 non
1445 2847 1596 2912 erat,
1627 2847 1699 2898 ut
1727 2837 2011 2917 putastiS,

265 2935 460 3014 magis
482 2956 746 2995 vacuum
768 2946 910 3015 post
941 2956 1125 3015 quam
1156 2943 1300 2995 ante
1331 2935 1691 2995 suctionem.

351 3029 432 3089 B.
481 3029 547 3089 Si
577 3030 697 3090 duo
729 3051 989 3110 corpora
1021 3030 1194 3103 dura,
1235 3038 1406 3108 puta,
1454 3047 1761 3088 marmora
1813 3025 2011 3104 plana,

264 3124 421 3184 bene
449 3124 752 3204 laevigata,
786 3145 849 3184 se
879 3134 1095 3184 mutuo
1123 3124 1459 3184 secundum
1492 3122 1843 3202 superficies
1874 3140 2012 3180 suas

266 3218 478 3298 planas
528 3220 866 3297 tetigerint,
899 3219 1021 3293 illa,
1054 3229 1124 3278 ut
1165 3220 1301 3292 sciS,
1351 3220 1440 3279 ita
1486 3218 1903 3288 cohaerebunt,
1945 3222 2014 3272 ut

265 3313 332 3372 in
374 3334 512 3373 aere
543 3334 836 3393 suspensa
881 3334 1150 3372 marmor
1179 3314 1432 3372 inferius
1462 3334 1499 3372 a
1528 3312 1838 3391 superiore
1885 3309 2012 3367 sine

267 3427 492 3486 magno
538 3409 829 3488 pondere,
875 3418 982 3467 aut
1023 3408 1142 3466 alia
1188 3428 1413 3486 magna
1445 3408 1525 3479 vi,
1572 3403 1838 3485 separari
1887 3421 2013 3460 non

268 3502 480 3579 possit.
596 3503 858 3562 Ponderi
917 3503 1035 3562 hoc
1094 3504 1441 3562 attribuunt
1496 3509 1774 3560 nostrum
1825 3495 2013 3574 aliqui

272 3595 571 3656 columnae
618 3596 1120 3675 atmosphaericae‚
1164 3598 1337 3676 cujus
1369 3596 1545 3654 nixus
1576 3614 1685 3673 per
1715 3591 2011 3651 resultum

272 3689 636 3749 terminatur
665 3691 729 3749 in
761 3691 1077 3768 superficie
1101 3691 1388 3750 inferiore
1415 3687 1716 3748 inferioris
1741 3704 2006 3744 marmo-
