2462 4120
600 366 718 419 332
1056 380 1520 422 PROBLEMATA
1553 379 1871 423 PHYsmA.

302 538 415 570 CAP.
441 538 510 570 1v.
598 510 699 569 ille
728 531 891 571 nunc
920 532 956 571 a
977 513 1037 572 vi
1056 514 1383 574 collisionis
1412 515 1621 574 oritur.
1670 515 1830 574 Nam
1861 514 2326 574 scintillulamm

311 647 346 681 D
409 646 442 682 al
486 658 505 682 e
598 605 840 664 illarum
885 626 1261 687 unaquaeque
1307 619 1401 668 est
1437 608 1763 668 frustulum
1807 610 2095 688 exiguum
2136 608 2328 687 ipsius

315 701 460 736 etluoe·
598 698 835 777 lapidis,
867 711 929 760 et
955 703 1315 780 vertiginem
1362 722 1533 761 suam
1577 703 1777 762 fomiti
1822 711 2165 782 praeparato
2213 703 2326 761 im-

597 793 826 871 primit.
882 795 1086 874 Atque
1110 797 1228 856 hoc
1250 795 1431 855 modo
1454 806 1826 875 propagatur
1848 798 2006 876 ignis
2031 806 2327 875 quantum

595 888 894 948 volumus.

682 982 763 1041 A.
813 984 951 1044 Quo
996 993 1177 1061 pacto
1229 983 1531 1043 comburit
1575 983 1778 1041 omnia
1825 982 1951 1042 fere
1998 983 2329 1043 combusti-

596 1075 742 1136 bilia
779 1077 884 1136 lux
915 1077 1147 1149 solaris,
1178 1077 1274 1136 vel
1304 1096 1414 1154 per
1442 1075 1868 1135 refractionem
1898 1077 1963 1135 in
1991 1076 2150 1137 vitro
2180 1097 2328 1138 con-

597 1190 770 1243 veXO,
800 1171 897 1230 vel
925 1191 1034 1249 per
1062 1171 1475 1230 reflectionem
1506 1190 1542 1228 a
1569 1170 1727 1229 vitro
1754 1170 2060 1230 concavo?

681 1262 757 1322 B.
807 1265 1053 1323 Pressus
1094 1285 1131 1324 a
1160 1264 1286 1323 sole
1326 1283 1431 1323 aer
1460 1263 1682 1341 premit
1722 1264 1950 1322 vitrum
1989 1284 2326 1324 convexum

597 1357 705 1416 tali
734 1358 935 1431 modO,
967 1366 1036 1417 ut
1076 1358 1235 1417 actio
1267 1357 1661 1416 continuetur
1690 1376 1800 1434 per
1840 1376 2058 1435 corpus
2088 1358 2231 1417 vitri
2261 1358 2327 1418 in

596 1451 758 1511 linea
786 1462 971 1526 recta,
1003 1474 1127 1512 non
1167 1452 1381 1511 eadem
1420 1471 1558 1528 quae
1597 1470 1635 1509 a
1675 1451 1798 1510 sole
1839 1450 1918 1510 ad
1946 1451 2191 1523 vitrum,
2220 1453 2328 1512 sed

595 1556 887 1625 vergente
911 1547 1222 1626 aliquanto
1253 1546 1332 1605 ad
1355 1545 1857 1624 perpendiculum
1883 1570 1897 1613 3
1930 1545 2150 1604 deinde
2179 1566 2331 1606 con-

595 1640 836 1699 tinuata
872 1660 981 1718 per
1011 1639 1351 1719 oppositam
1380 1639 1650 1718 ejusdem
1675 1639 1817 1697 vitri
1848 1641 2231 1717 superficiem
2261 1641 2327 1700 in

595 1754 817 1807 aerem,
861 1734 1123 1814 divergit
1162 1754 1199 1793 a
1226 1733 1682 1812 perpendiculo.
1774 1733 1954 1793 Unde
1992 1735 2064 1794 fit
2091 1744 2164 1794 ut
2193 1743 2333 1795 tota

595 1828 757 1887 actio
794 1829 1042 1888 tandem
1073 1829 1134 1887 in
1166 1828 1576 1888 arctissimum
1607 1827 1872 1905 spatium
1901 1829 2321 1888 concludatur.

595 1923 811 2000 Itaque
854 1943 1102 1982 necesse
1153 1932 1262 1995 est,
1303 1931 1373 1981 ut
1399 1921 1448 1980 si
1489 1921 1553 1980 in
1596 1921 1699 1980 illo
1746 1921 1946 2000 spatio
1991 1922 2328 1983 collocetur

591 2017 847 2076 materia
877 2016 1336 2088 combustibiliS‚
1374 2034 1446 2074 ea
1474 2016 1550 2074 ab
1599 2015 1840 2074 actione
1885 2016 2076 2086 unita,
2106 2017 2170 2076 id
2214 2026 2324 2090 est,

591 2131 630 2170 a
666 2122 837 2170 motu
880 2110 1045 2170 facto
1095 2130 1206 2190 per
1252 2109 1748 2188 convergentiam
1791 2109 2328 2171 vehementissimo

593 2205 1007 2264 comburatur.

677 2299 911 2359 Eadem
951 2301 1108 2360 ratio
1156 2307 1246 2359 est
1286 2298 1721 2358 combustionis
1760 2318 1872 2376 per
1909 2298 2321 2359 reflexionem.

592 2393 754 2453 Nam
793 2395 879 2454 sic
911 2395 1096 2454 etiam
1137 2394 1298 2454 actio
1339 2402 1470 2453 tota
1510 2393 1574 2451 in
1616 2393 2024 2452 arctissimum
2061 2394 2325 2472 spatium

591 2488 923 2567 redigetur.
1012 2488 1134 2548 Sed
1175 2487 1250 2546 de
1287 2486 1382 2546 his
1422 2487 1604 2546 rebus
1645 2486 1836 2545 fusius
1876 2495 1937 2546 et
1977 2488 2323 2547 accuratius

591 2593 923 2643 tractatum
953 2594 1043 2642 est
1073 2584 1136 2642 in
1165 2582 1321 2641 libro
1354 2601 1534 2659 quem
1562 2580 1842 2658 inscripsi
1871 2580 1974 2640 De
1995 2580 2281 2640 Homine.

676 2677 756 2737 A.
804 2678 927 2737 Cur
956 2697 1080 2737 non
1109 2685 1312 2756 potest
1341 2695 1490 2749 esse,
1509 2684 1579 2734 ut
1609 2675 1699 2734 sol
1728 2675 1807 2734 sit
1830 2694 2049 2754 corpus
2073 2676 2322 2754 aliquod

590 2771 711 2830 tale
758 2772 935 2850 quale
980 2791 1092 2832 nos
1137 2771 1319 2850 vulgo
1366 2769 1750 2830 nominamus
1796 2770 2021 2848 ignem,
2064 2780 2127 2830 et
2169 2770 2326 2830 radii

591 2865 720 2944 ejus
750 2866 1010 2925 transire
1042 2885 1151 2945 per
1181 2866 1322 2925 vitri
1350 2884 1550 2943 porOS‚
1584 2884 1656 2923 eo
1687 2864 1869 2924 modo
1899 2873 1970 2924 ut
1998 2865 2062 2924 in
2091 2875 2323 2943 puncto

590 2961 688 3020 vel
716 2960 842 3020 fere
871 2970 1102 3039 puncto
1135 2958 1633 3038 conjungantur?

677 3055 759 3115 B.
805 3056 971 3115 Num
1002 3055 1135 3114 dari
1155 3054 1379 3113 vitrum
1407 3062 1614 3132 potest
1644 3052 1808 3131 quod
1831 3052 1909 3112 sit
1932 3061 2132 3111 toturn
2152 3052 2324 3131 pori?

595 3149 660 3210 Si
691 3150 810 3209 tale
839 3150 1066 3209 vitrum
1106 3148 1238 3208 dari
1274 3169 1397 3208 non
1437 3157 1662 3227 potest,
1693 3157 1827 3206 tum
1867 3147 2117 3206 effectus
2157 3146 2258 3206 ille
2287 3167 2326 3206 a

592 3244 857 3304 transitu
885 3244 1195 3303 radiorum
1225 3243 1367 3302 solis
1395 3263 1504 3322 per
1531 3262 1715 3322 poros
1742 3241 1887 3301 vitri
1915 3241 2171 3320 produci
2199 3260 2324 3300 non

591 3347 815 3419 potest.
900 3338 1122 3398 Vidisti
1151 3338 1403 3397 accendi
1442 3337 1889 3397 combustibilia
1929 3355 2039 3414 per
2074 3335 2322 3414 globum

594 3433 854 3494 solidum
878 3434 1158 3505 vitreum,
1179 3453 1556 3511 quaecunque
1586 3452 1727 3511 pars
1757 3433 1885 3510 ejus
1916 3430 2029 3490 soli
2047 3431 2326 3489 obverte-

592 3537 780 3587 retur.
868 3527 941 3588 Id
971 3526 1136 3606 quod
1163 3527 1298 3586 fieri
1327 3547 1450 3586 non
1479 3535 1699 3605 potest,
1721 3525 1840 3585 nisi
1868 3524 2096 3584 vitrum
2125 3532 2324 3582 totum

592 3622 672 3682 sit
726 3621 878 3701 pori.
984 3622 1288 3681 Praeterea
1335 3641 1534 3700 neque
1584 3639 1698 3698 ego
1747 3638 1945 3697 neque
1993 3626 2062 3677 tu
2118 3616 2323 3695 ignem
