2462 4120
820 404 909 446 m:
943 405 1228 449 NATURA
1260 406 1486 451 AERIS.
1892 403 2011 456 285

281 551 482 624 potest
522 543 612 602 vis
659 542 763 602 illa
813 564 935 623 qua
980 545 1257 605 incussus
1309 556 1482 616 erat;
1527 557 1708 627 atque
1755 552 1937 612 etiam
1977 575 2014 613 a

281 649 455 699 tanta
498 638 948 717 compressione
996 640 1262 719 aliquem
1306 641 1564 720 gradum
1608 646 2014 708 consistentiae

279 735 433 806 fieri,
458 753 821 812 quamquam
845 734 1245 793 consistentia
1267 754 1439 813 aquae
1459 736 1771 797 minorem.
1833 741 2014 801 Quod

281 829 331 888 si
374 837 530 887 esset
567 827 629 886 in
661 827 877 887 iisdem
914 828 1227 907 particulis
1267 829 1423 887 aeris
1463 831 1761 905 omnibUS,
1793 846 2015 911 praeter

280 933 517 982 motum
548 922 718 981 illum
751 943 871 1002 quo
902 923 1094 983 altera
1130 923 1384 983 alteram
1413 926 1655 1002 premit,
1687 938 1885 987 motus
1914 931 2014 989 ille

280 1017 592 1077 circularis
633 1017 908 1096 simplex,
938 1017 1109 1096 isque
1157 1018 1301 1077 satis
1332 1018 1697 1078 vehemens:
1743 1021 2015 1100 impossi-

279 1111 400 1171 bile
429 1111 556 1172 fere
587 1122 744 1172 esset
772 1132 957 1171 unam
989 1132 1198 1171 earum
1227 1133 1265 1172 a
1294 1132 1402 1172 suo
1434 1113 1678 1172 circello
1703 1115 2015 1190 dimoveri,

282 1207 431 1285 quin
480 1208 733 1287 reliquis
783 1207 1099 1287 particulis
1145 1207 1584 1281 resistentibUS,
1633 1218 1797 1268 totus
1843 1211 2018 1270 simul

280 1313 648 1373 moveretur,
707 1301 771 1361 id
819 1311 929 1375 est,
981 1310 1179 1362 totum
1240 1301 1461 1361 durum
1519 1312 1696 1361 esset.
1784 1303 2017 1363 Durum

282 1396 445 1455 enim
496 1405 588 1456 est
632 1406 831 1456 totum
875 1395 1045 1469 illud,
1087 1397 1259 1475 cujus
1301 1395 1469 1454 nulla
1513 1395 1676 1455 cedit
1718 1416 1859 1474 pars
1902 1398 2019 1457 nisi

282 1491 538 1551 cedente
569 1499 719 1551 tot0.
806 1486 990 1550 Vides
1037 1510 1183 1570 ergo
1230 1509 1407 1570 posse
1451 1490 1583 1550 fieri
1629 1490 1914 1550 duritiem
1955 1494 2019 1552 in

281 1585 640 1645 fluidissimo
682 1605 822 1645 aere
860 1605 972 1665 per
1016 1594 1252 1645 motum
1290 1586 1452 1645 hunc
1489 1585 1846 1645 circularem
1880 1587 2022 1646 sim-

281 1681 502 1759 plicem
553 1679 1011 1759 particularum,
1044 1680 1262 1759 quibus
1311 1680 1432 1740 duo
1477 1691 1679 1740 motus
1732 1683 2021 1741 contrarii

282 1785 425 1835 ante
457 1774 754 1834 dederant
784 1775 1164 1853 vertiginem.
1238 1775 1462 1835 Vidisti
1492 1796 1732 1855 quoque
1761 1776 2021 1855 gradum

281 1869 529 1929 duritiei
578 1867 710 1928 dari
761 1869 1026 1947 aliquem
1069 1889 1246 1948 posse
1287 1891 1324 1929 a
1359 1870 1487 1929 sola
1527 1872 2019 1949 compressione:

279 1964 346 2023 id
385 1963 549 2044 quod
596 1964 996 2024 confirmatur
1039 1965 1224 2024 etiam
1272 1965 1337 2024 in
1386 1965 1781 2044 generatione
1820 1966 2020 2026 carnis

280 2058 443 2119 intra
473 2058 779 2118 musculos
802 2059 1054 2119 humani
1085 2060 1378 2139 corporis,
1441 2059 1602 2119 Nam
1634 2061 1853 2131 carniS,
1886 2081 2022 2140 quae

282 2153 349 2214 in
397 2153 689 2214 musculis
734 2154 1108 2227 continetur,
1151 2154 1408 2215 materia
1446 2155 1590 2215 illuc
1630 2155 1886 2215 advecta
1931 2164 2024 2215 est

280 2248 378 2308 vel
407 2268 517 2328 per
547 2248 824 2322 arteriaS,
847 2249 943 2309 vel
971 2269 1082 2329 per
1109 2270 1347 2310 nervos
1434 2251 1577 2310 Non
1607 2270 1714 2329 per
1745 2251 2020 2325 arteriaS,

280 2343 346 2404 in
402 2345 620 2424 quibus
677 2344 831 2404 nihil
888 2345 1086 2404 fertur
1141 2353 1366 2424 praeter
1423 2347 1817 2425 sanguinem:
1879 2366 2019 2405 caro

281 2446 487 2499 autem
535 2458 657 2498 non
708 2458 784 2498 ex
831 2440 1126 2518 sanguine
1174 2449 1438 2513 constat,
1481 2441 1584 2519 qui
1631 2441 1796 2500 salva
1840 2460 2020 2499 carne

282 2534 403 2594 elui
459 2543 683 2614 potest.
775 2534 982 2595 Quare
1042 2535 1298 2594 materia
1355 2535 1553 2594 carnis
1614 2534 1886 2595 defertur
1942 2534 2019 2593 ad

282 2629 588 2689 musculos
612 2649 722 2709 per
745 2649 983 2689 nervos
1050 2630 1315 2690 Materia
1343 2639 1545 2690 autem
1567 2651 1703 2708 quae
1733 2630 1795 2689 in
1819 2630 2019 2689 nervis

283 2724 633 2784 continetur
683 2723 1075 2784 tenuissimus
1123 2724 1370 2803 spiritus
1422 2734 1551 2783 est:
1614 2725 1716 2803 qui
1767 2745 1906 2783 cum
1955 2723 2019 2782 in

282 2819 570 2879 musculis
626 2819 696 2878 fit
747 2839 909 2891 car0,
970 2829 1214 2879 constat
1266 2839 1340 2879 ex
1391 2819 1723 2880 innumeris
1781 2818 2018 2876 filiculis

281 2913 434 2974 adeo
466 2914 717 2974 minutis
748 2924 811 2973 et
840 2914 1144 2988 fissilibus,
1163 2925 1234 2974 ut
1256 2916 1452 2974 visum
1482 2914 1731 2974 tandem
1760 2912 2015 2991 fugiant.

283 3007 463 3069 Unde
503 3019 711 3069 autem
751 3010 885 3068 fieri
937 3009 1054 3069 hoc
1097 3017 1318 3088 potest,
1350 3009 1467 3068 nisi
1504 3008 1666 3087 quod
1708 3007 1954 3086 spiritus
1985 3025 2016 3063 e

283 3104 555 3178 cerebro,
603 3124 931 3164 nervorum
979 3113 1216 3164 meatus
1266 3104 1481 3183 longos
1527 3103 2016 3179 arctissimosque

282 3199 604 3271 transiens,
633 3218 745 3277 per
775 3198 1288 3277 compressionem
1323 3196 1727 3276 inspissetur?
1812 3197 2015 3273 Atque

282 3293 421 3354 talis
453 3294 700 3373 quidem
730 3313 859 3352 esse
889 3302 1094 3371 potest
1125 3314 1310 3353 causa
1340 3293 1605 3353 efficiens
1638 3291 1782 3351 duri
1799 3288 2011 3370 primi.

283 3387 454 3446 Duri
497 3398 701 3448 autem
743 3386 1012 3459 secundi,
1043 3387 1107 3446 id
1153 3398 1263 3460 est,
1296 3388 1431 3447 duri
1461 3408 1497 3446 a
1526 3386 1864 3446 cohaesione
1904 3381 2012 3439 du-

282 3501 491 3541 rorum
519 3484 876 3561 primorum,
902 3501 1084 3540 causa
1112 3491 1315 3561 potest
1339 3501 1468 3541 esse
1492 3492 1693 3540 motus
1723 3479 1821 3538 ille
1852 3476 2012 3535 idem

285 3575 597 3636 circularis
628 3575 882 3654 simplex
913 3576 1278 3653 conjunctus
1311 3595 1449 3634 cum
1480 3581 1766 3632 contactu
1795 3588 2012 3629 eorun-

286 3669 425 3733 dem
484 3669 868 3750 superficiali,
928 3669 1023 3729 vel
1082 3669 1268 3730 etiam
1324 3668 1727 3729 intricatione,
1830 3664 1912 3722 At
1962 3661 2012 3720 si
