2462 4120
577 348 696 400 358
1031 363 1494 407 PROBLEMATA
1527 368 1847 411 PHYSICA.

267 518 378 551 CAP.
404 519 491 552 vn.
575 496 704 556 diat
744 499 1100 577 magnitudo
1147 505 1453 581 ponderiS‚
1501 507 1935 569 admoveatur:
1981 517 2305 589 propterea

217 627 389 661 nemon,
407 639 485 674 per,
575 591 739 669 quod
769 602 968 654 motus
999 615 1229 670 eorum,
1262 599 1407 658 dum
1454 601 1615 661 inter
1644 623 1707 662 se
1750 603 1999 677 distant,
2029 612 2304 683 tempore

214 681 453 727 Pe¹¹ffl⁰¹¹¹³¹³›
481 685 550 717 em·
575 686 922 747 differentes
973 709 1036 749 se
1086 702 1299 753 mutuo
1346 707 1571 773 cogent
1620 697 1699 756 ad
1743 709 2021 758 centrum
2059 698 2305 775 aliquod

573 800 913 843 commune.
990 784 1172 845 Quod
1197 787 1248 845 si
1269 787 1498 847 ferrum
1521 790 1598 848 ad
1623 801 1969 868 magnetem
1992 791 2303 860 ascendat,

573 895 725 954 opus
756 877 874 936 erit
903 888 974 938 ut
1013 889 1119 939 aut
1166 883 1396 959 majore
1425 884 1504 954 vi,
1537 893 1643 943 aut
1682 886 1912 963 majore
1950 886 2306 965 propinqui-³

571 979 716 1042 tate,
764 972 1001 1049 pondus
1040 973 1187 1032 ferri
1228 975 1380 1053 lapis
1408 978 1648 1045 vincat;
1693 987 1842 1037 tunc
1895 999 2038 1038 vero
2075 979 2305 1038 ferrum

571 1065 649 1123 ad
689 1077 1038 1144 magnetem
1087 1069 1314 1128 assiliet
1361 1079 1536 1130 tanta
1575 1071 1915 1145 velocitate,
1961 1083 2193 1150 quanta
2227 1074 2303 1133 ab

572 1159 782 1218 eadem
831 1160 1151 1220 altitudine
1197 1162 1595 1223 descenderet
1632 1165 1709 1223 ad
1756 1174 2000 1225 terram.
2092 1167 2214 1227 Sed
2255 1169 2306 1227 si

571 1263 701 1312 tum
733 1254 884 1332 lapis
914 1264 1044 1315 tum
1074 1256 1303 1314 ferrum
1336 1276 1517 1335 super
1547 1277 1767 1335 aquam
1798 1268 1987 1331 natet,
2018 1261 2306 1320 attractio

571 1348 823 1406 visibilis
870 1350 986 1407 erit
1024 1350 1086 1407 in
1127 1351 1357 1428 majore
1407 1350 1731 1410 distantia:
1778 1363 2103 1431 propterea
2143 1354 2308 1432 quod

570 1441 1076 1520 impedimentum
1126 1443 1290 1521 quod
1343 1454 1435 1503 est
1492 1445 1555 1503 in
1603 1445 1873 1523 pondere
1924 1447 2306 1526 aliquatenus

568 1545 937 1594 removetur.

652 1628 729 1690 A.
778 1630 956 1689 Unde
997 1631 1282 1709 estquod
1325 1651 1574 1710 magnes
1621 1632 1767 1691 dum
1798 1642 1968 1694 natat
2010 1655 2133 1695 non
2176 1636 2307 1715 qui-

573 1726 741 1796 escit,
775 1724 971 1783 donec
1001 1744 1063 1783 se
1103 1725 1356 1803 praecise
1393 1726 1456 1784 in
1496 1726 1833 1786 meridiano
1874 1728 2306 1789 collocaverit?

658 1819 736 1877 B.
785 1820 926 1877 Non
973 1839 1034 1877 se
1083 1839 1322 1898 semper
1373 1820 1635 1879 collocat
1678 1821 1741 1880 in
1792 1823 2147 1897 meridiano,
2199 1825 2305 1884 sed

570 1915 793 1992 ubique
821 1913 948 1971 fere
981 1933 1120 1972 cum
1154 1913 1499 1973 deviatione
1530 1915 1752 1992 aliqua.
1814 1916 2074 1976 Causam
2104 1928 2303 1978 autem

571 2028 701 2067 esse
749 2017 917 2085 put0‚
960 2007 1124 2086 quod
1172 2008 1302 2067 axis
1351 2020 1553 2069 motus
1604 2011 1936 2088 magnetici
1983 2013 2307 2090 parallelus

571 2123 812 2180 semper
855 2113 949 2161 est
984 2103 1083 2161 axi
1124 2103 1459 2181 eclipticae:
1507 2105 1814 2178 nimirum,
1847 2106 1948 2165 axi
1994 2117 2198 2166 motus
2228 2109 2305 2167 si-

571 2196 728 2255 milis
757 2196 821 2255 in
850 2205 1034 2266 terra,
1068 2208 1242 2256 extra
1275 2218 1455 2275 quem
1485 2199 1667 2258 situm
1698 2209 1868 2259 motu
1899 2220 2008 2260 suo
2037 2202 2307 2281 gaudere

572 2311 694 2349 non
718 2299 939 2369 potest.

653 2386 734 2444 A.
782 2385 1124 2445 Consensus
1155 2395 1433 2446 motuum
1463 2388 1526 2446 in
1558 2398 1722 2447 terra
1746 2398 1809 2447 et
1833 2400 2120 2468 magnete
2143 2390 2306 2450 unde

571 2478 808 2538 oritur?
913 2480 1154 2539 Credin'
1204 2481 1320 2539 illis
1368 2481 1471 2560 qui
1519 2491 1747 2540 terram
1792 2482 1962 2541 aliud
2008 2503 2132 2543 non
2175 2504 2305 2545 esse

572 2574 805 2644 dicunt,
837 2593 1018 2652 quam
1049 2594 1339 2653 magnum
1370 2573 1764 2652 magnetem?

654 2666 732 2727 B.
782 2668 1115 2740 Gilbertus,
1148 2689 1358 2727 eorum
1383 2670 1486 2747 qui
1517 2669 1591 2727 de
1623 2680 1906 2747 magnete
1931 2671 2308 2750 scripserunt

571 2762 968 2841 probabiliter
1011 2762 1262 2840 primUS,
1294 2763 1380 2821 sic
1423 2764 1681 2841 putavit.
1787 2764 2094 2824 Cartesius
2135 2766 2305 2826 tellu-

572 2878 700 2916 rem
726 2856 998 2934 ejusdem
1021 2866 1259 2916 naturae
1279 2877 1409 2916 esse
1429 2858 1665 2916 censuit
1688 2878 1826 2916 cum
1846 2860 2083 2918 caeteris
2103 2861 2305 2934 astriS,

578 2954 860 3029 (excepta
899 2970 1134 3010 summa
1169 2951 1296 3027 ejus
1337 2951 1539 3010 scabie
1578 2971 1704 3011 non
1734 2952 1912 3012 valde
1951 2953 2305 3032 profunda),

574 3058 636 3105 et
694 3045 1132 3124 splendescere.
1239 3045 1369 3123 Ego
1429 3045 1581 3105 nihil
1640 3046 1884 3106 definio,
1995 3047 2306 3126 Magnetis

573 3151 780 3199 autem
808 3139 1101 3197 virtutem
1131 3139 1275 3197 oriri
1317 3139 1501 3198 credo
1545 3140 1620 3198 ab
1667 3139 1882 3199 habitu
1929 3139 1992 3199 in
2030 3141 2164 3219 ipsa
2199 3142 2305 3200 mi-

574 3254 722 3293 nera
759 3233 1111 3311 longissimo
1156 3243 1431 3311 tempore
1468 3235 1789 3312 acquisito,
1821 3247 2074 3314 propter
2123 3237 2306 3295 situm

574 3328 636 3387 in
684 3328 886 3406 aliquo
932 3327 1288 3400 meridian0‚
1330 3328 1425 3387 vel
1470 3330 1673 3407 potius
1719 3329 1782 3388 in
1827 3330 2028 3410 aliquo
2074 3330 2303 3390 circulo

574 3423 836 3481 maximo
878 3442 1088 3481 eorum
1118 3421 1221 3501 qui
1262 3432 1584 3481 transeunt
1622 3443 1732 3501 per
1774 3423 1946 3502 polos
1986 3424 2304 3503 eclipticae,

573 3517 678 3593 qui
707 3517 830 3596 poli
873 3515 1057 3575 iidem
1102 3525 1241 3575 sunt
1284 3537 1420 3575 cum
1452 3516 1607 3596 polis
1648 3526 1848 3576 motus
1888 3518 2096 3578 similis
2125 3539 2304 3598 quem

573 3611 635 3670 in
666 3621 828 3671 terra
859 3612 1299 3690 supposuimus,
