<?xml version="1.0" encoding="UTF-8"?>
<!DOCTYPE html PUBLIC "-//W3C//DTD XHTML 1.0 Transitional//EN"
    "http://www.w3.org/TR/xhtml1/DTD/xhtml1-transitional.dtd">
<html xmlns="http://www.w3.org/1999/xhtml" xml:lang="en" lang="en">
 <head>
  <title>
</title>
<meta http-equiv="Content-Type" content="text/html;charset=utf-8" />
  <meta name='ocr-system' content='tesseract 3.04.00' />
  <meta name='ocr-capabilities' content='ocr_page ocr_carea ocr_par ocr_line ocrx_word'/>
</head>
<body>
  <div class='ocr_page' id='page_1' title='image "./operaphilosophic04hobbuoft_0475.png"; bbox 0 0 2462 4120; ppageno 0'>
   <div class='ocr_carea' id='block_1_1' title="bbox 830 380 1984 434">
    <p class='ocr_par' dir='ltr' id='par_1_1' title="bbox 830 380 1984 434">
     <span class='ocr_line' id='line_1_1' title="bbox 830 380 1984 434; baseline 0.003 -4"><span class='ocrx_word' id='word_1_1' title='bbox 830 387 1392 430; x_wconf 73' lang='lat' dir='ltr'>GEoME&#39;rRARUM.</span> <span class='ocrx_word' id='word_1_2' title='bbox 1861 380 1984 434; x_wconf 84' lang='lat'>463</span> 
     </span>
    </p>
   </div>
   <div class='ocr_carea' id='block_1_2' title="bbox 241 527 2349 1371">
    <p class='ocr_par' dir='ltr' id='par_1_2' title="bbox 241 527 2349 1371">
     <span class='ocr_line' id='line_1_2' title="bbox 324 527 2315 606; baseline -0.004 -12"><span class='ocrx_word' id='word_1_3' title='bbox 324 528 631 603; x_wconf 85' lang='lat' dir='ltr'>SecundO,</span> <span class='ocrx_word' id='word_1_4' title='bbox 655 527 895 589; x_wconf 90' lang='lat' dir='ltr'>tabulas</span> <span class='ocrx_word' id='word_1_5' title='bbox 925 527 1190 600; x_wconf 90' lang='lat' dir='ltr'>sinuum,</span> <span class='ocrx_word' id='word_1_6' title='bbox 1224 528 1630 606; x_wconf 81' lang='lat' dir='ltr'>tangentium,</span> <span class='ocrx_word' id='word_1_7' title='bbox 1672 539 1735 590; x_wconf 91' lang='lat' dir='ltr'>et</span> <span class='ocrx_word' id='word_1_8' title='bbox 1775 550 1986 590; x_wconf 90' lang='lat' dir='ltr'>secan-</span> <span class='ocrx_word' id='word_1_9' title='bbox 2033 556 2145 589; x_wconf 84' lang='lat' dir='ltr'>CAP.</span> <span class='ocrx_word' id='word_1_10' title='bbox 2167 555 2315 587; x_wconf 84' lang='lat' dir='ltr'>xxm.</span> 
     </span>
     <span class='ocr_line' id='line_1_3' title="bbox 241 612 2299 708; baseline -0.003 -19"><span class='ocrx_word' id='word_1_11' title='bbox 241 629 396 689; x_wconf 91' lang='lat' dir='ltr'>tium</span> <span class='ocrx_word' id='word_1_12' title='bbox 422 624 668 706; x_wconf 82' lang='lat' dir='ltr'><strong>egregie</strong></span> <span class='ocrx_word' id='word_1_13' title='bbox 697 623 881 683; x_wconf 86' lang='lat' dir='ltr'>falsas</span> <span class='ocrx_word' id='word_1_14' title='bbox 913 642 1043 682; x_wconf 91' lang='lat' dir='ltr'>esse</span> <span class='ocrx_word' id='word_1_15' title='bbox 1070 648 1084 692; x_wconf 91' lang='lat'>;</span> <span class='ocrx_word' id='word_1_16' title='bbox 1130 632 1460 701; x_wconf 90' lang='lat' dir='ltr'>propterea</span> <span class='ocrx_word' id='word_1_17' title='bbox 1504 625 1670 702; x_wconf 90' lang='lat' dir='ltr'>quod</span> <span class='ocrx_word' id='word_1_18' title='bbox 1720 626 1989 685; x_wconf 89' lang='lat' dir='ltr'>calculus</span> <span class='ocrx_word' id='word_1_19' title='bbox 2013 612 2299 708; x_wconf 51' lang='lat' dir='ltr'>&amp;W</span> 
     </span>
     <span class='ocr_line' id='line_1_4' title="bbox 242 715 2347 805; baseline -0.003 -21"><span class='ocrx_word' id='word_1_20' title='bbox 242 742 456 784; x_wconf 89' lang='lat' dir='ltr'>eorum</span> <span class='ocrx_word' id='word_1_21' title='bbox 515 718 824 799; x_wconf 84' lang='lat' dir='ltr'><strong>dependet</strong></span> <span class='ocrx_word' id='word_1_22' title='bbox 873 738 910 777; x_wconf 88' lang='lat' dir='ltr'>a</span> <span class='ocrx_word' id='word_1_23' title='bbox 966 717 1227 776; x_wconf 88' lang='lat' dir='ltr'>veritate</span> <span class='ocrx_word' id='word_1_24' title='bbox 1287 718 1508 776; x_wconf 91' lang='lat' dir='ltr'>horum</span> <span class='ocrx_word' id='word_1_25' title='bbox 1578 719 1838 778; x_wconf 90' lang='lat' dir='ltr'>duorum</span> <span class='ocrx_word' id='word_1_26' title='bbox 1898 741 1990 779; x_wconf 86' lang='lat' dir='ltr'>as·</span> <span class='ocrx_word' id='word_1_27' title='bbox 2012 715 2347 805; x_wconf 51' lang='lat' dir='ltr'>{Ttffii‘g&#39;g&#39;ssg{fff</span> 
     </span>
     <span class='ocr_line' id='line_1_5' title="bbox 243 796 2349 897; baseline -0.004 -19"><span class='ocrx_word' id='word_1_28' title='bbox 243 825 668 897; x_wconf 86' lang='lat' dir='ltr'>sumptorum:</span> <span class='ocrx_word' id='word_1_29' title='bbox 728 822 779 874; x_wconf 94' lang='lat' dir='ltr'>l.</span> <span class='ocrx_word' id='word_1_30' title='bbox 832 813 1034 872; x_wconf 86' lang='lat' dir='ltr'>Radix</span> <span class='ocrx_word' id='word_1_31' title='bbox 1077 812 1322 871; x_wconf 89' lang='lat' dir='ltr'>numeri</span> <span class='ocrx_word' id='word_1_32' title='bbox 1374 812 1816 891; x_wconf 83' lang='lat' dir='ltr'>quadratorum</span> <span class='ocrx_word' id='word_1_33' title='bbox 1866 831 2081 874; x_wconf 63' lang='lat' dir='ltr'>nonete·</span> <span class='ocrx_word' id='word_1_34' title='bbox 2340 796 2349 811; x_wconf 68' lang='lat'>’</span> 
     </span>
     <span class='ocr_line' id='line_1_6' title="bbox 242 906 1993 989; baseline -0.002 -17"><span class='ocrx_word' id='word_1_35' title='bbox 242 921 337 972; x_wconf 87' lang='lat' dir='ltr'>est</span> <span class='ocrx_word' id='word_1_36' title='bbox 377 929 670 971; x_wconf 87' lang='lat' dir='ltr'>numerus</span> <span class='ocrx_word' id='word_1_37' title='bbox 706 908 1168 989; x_wconf 84' lang='lat' dir='ltr'>quadratorum,</span> <span class='ocrx_word' id='word_1_38' title='bbox 1214 906 1324 967; x_wconf 90' lang='lat' dir='ltr'>sed</span> <span class='ocrx_word' id='word_1_39' title='bbox 1365 907 1686 967; x_wconf 87' lang='lat' dir='ltr'>linearum.</span> <span class='ocrx_word' id='word_1_40' title='bbox 1776 917 1835 968; x_wconf 85' lang='lat'>2.</span> <span class='ocrx_word' id='word_1_41' title='bbox 1867 910 1993 968; x_wconf 93' lang='lat' dir='ltr'>Nu-</span> 
     </span>
     <span class='ocr_line' id='line_1_7' title="bbox 242 1001 1997 1083; baseline -0.003 -16"><span class='ocrx_word' id='word_1_42' title='bbox 242 1026 481 1068; x_wconf 86' lang='lat' dir='ltr'>merum</span> <span class='ocrx_word' id='word_1_43' title='bbox 513 1005 818 1065; x_wconf 87' lang='lat' dir='ltr'>linearum</span> <span class='ocrx_word' id='word_1_44' title='bbox 861 1023 974 1083; x_wconf 90' lang='lat' dir='ltr'>per</span> <span class='ocrx_word' id='word_1_45' title='bbox 1016 1022 1344 1062; x_wconf 92' lang='lat' dir='ltr'>numerum</span> <span class='ocrx_word' id='word_1_46' title='bbox 1375 1001 1796 1080; x_wconf 88' lang='lat' dir='ltr'>(simpliciter)</span> <span class='ocrx_word' id='word_1_47' title='bbox 1846 1004 1997 1062; x_wconf 90' lang='lat' dir='ltr'>mul-</span> 
     </span>
     <span class='ocr_line' id='line_1_8' title="bbox 241 1096 1997 1182; baseline -0.004 -20"><span class='ocrx_word' id='word_1_48' title='bbox 241 1101 608 1182; x_wconf 89' lang='lat' dir='ltr'>tiplicatum,</span> <span class='ocrx_word' id='word_1_49' title='bbox 656 1098 862 1158; x_wconf 83' lang='lat' dir='ltr'>facere</span> <span class='ocrx_word' id='word_1_50' title='bbox 914 1117 1240 1157; x_wconf 90' lang='lat' dir='ltr'>numerum</span> <span class='ocrx_word' id='word_1_51' title='bbox 1291 1096 1754 1175; x_wconf 86' lang='lat' dir='ltr'>quadratorum.</span> <span class='ocrx_word' id='word_1_52' title='bbox 1843 1097 1997 1156; x_wconf 90' lang='lat' dir='ltr'>Cum</span> 
     </span>
     <span class='ocr_line' id='line_1_9' title="bbox 243 1191 1999 1276; baseline -0.003 -20"><span class='ocrx_word' id='word_1_53' title='bbox 243 1196 409 1256; x_wconf 90' lang='lat' dir='ltr'>enim</span> <span class='ocrx_word' id='word_1_54' title='bbox 431 1194 801 1276; x_wconf 91' lang='lat' dir='ltr'>quadratum</span> <span class='ocrx_word' id='word_1_55' title='bbox 832 1213 869 1253; x_wconf 89' lang='lat' dir='ltr'>a</span> <span class='ocrx_word' id='word_1_56' title='bbox 896 1202 1069 1252; x_wconf 90' lang='lat' dir='ltr'>recta</span> <span class='ocrx_word' id='word_1_57' title='bbox 1093 1192 1438 1271; x_wconf 88' lang='lat' dir='ltr'>composita</span> <span class='ocrx_word' id='word_1_58' title='bbox 1467 1211 1542 1251; x_wconf 87' lang='lat' dir='ltr'>ex</span> <span class='ocrx_word' id='word_1_59' title='bbox 1571 1191 1744 1251; x_wconf 88' lang='lat' dir='ltr'>radio</span> <span class='ocrx_word' id='word_1_60' title='bbox 1771 1201 1833 1251; x_wconf 92' lang='lat' dir='ltr'>et</span> <span class='ocrx_word' id='word_1_61' title='bbox 1863 1202 1999 1251; x_wconf 87' lang='lat' dir='ltr'>tan-</span> 
     </span>
     <span class='ocr_line' id='line_1_10' title="bbox 243 1286 2002 1371; baseline -0.003 -19"><span class='ocrx_word' id='word_1_62' title='bbox 243 1300 430 1371; x_wconf 86' lang='lat' dir='ltr'><strong>gente</strong></span> <span class='ocrx_word' id='word_1_63' title='bbox 481 1296 560 1350; x_wconf 87' lang='lat'>30</span> <span class='ocrx_word' id='word_1_64' title='bbox 599 1287 907 1368; x_wconf 89' lang='lat' dir='ltr'>graduum</span> <span class='ocrx_word' id='word_1_65' title='bbox 951 1287 1184 1366; x_wconf 77' lang='lat' dir='ltr'>aequale</span> <span class='ocrx_word' id='word_1_66' title='bbox 1228 1287 1307 1346; x_wconf 85' lang='lat' dir='ltr'>sit</span> <span class='ocrx_word' id='word_1_67' title='bbox 1351 1286 1567 1347; x_wconf 91' lang='lat' dir='ltr'>decem</span> <span class='ocrx_word' id='word_1_68' title='bbox 1611 1286 1924 1367; x_wconf 91' lang='lat' dir='ltr'>quadratis</span> <span class='ocrx_word' id='word_1_69' title='bbox 1966 1308 2002 1347; x_wconf 88' lang='lat' dir='ltr'>a</span> 
     </span>
    </p>
   </div>
   <div class='ocr_carea' id='block_1_3' title="bbox 247 1382 2002 1462">
    <p class='ocr_par' dir='ltr' id='par_1_3' title="bbox 247 1382 2002 1462">
     <span class='ocr_line' id='line_1_11' title="bbox 247 1382 2002 1462; baseline -0.003 -15"><span class='ocrx_word' id='word_1_70' title='bbox 247 1384 606 1447; x_wconf 86' lang='lat' dir='ltr'>semiradio:</span> <span class='ocrx_word' id='word_1_71' title='bbox 652 1384 704 1443; x_wconf 88' lang='lat' dir='ltr'>si</span> <span class='ocrx_word' id='word_1_72' title='bbox 732 1391 1000 1462; x_wconf 91' lang='lat' dir='ltr'>ponatur</span> <span class='ocrx_word' id='word_1_73' title='bbox 1035 1382 1396 1443; x_wconf 86' lang='lat' dir='ltr'>semiradius</span> <span class='ocrx_word' id='word_1_74' title='bbox 1430 1389 1615 1456; x_wconf 85' lang='lat'>5000,</span> <span class='ocrx_word' id='word_1_75' title='bbox 1650 1391 1833 1442; x_wconf 91' lang='lat' dir='ltr'>erunt</span> <span class='ocrx_word' id='word_1_76' title='bbox 1877 1392 2002 1442; x_wconf 84' lang='lat' dir='ltr'>tres</span> 
     </span>
    </p>
   </div>
   <div class='ocr_carea' id='block_1_4' title="bbox 193 1481 2013 3649">
    <p class='ocr_par' dir='ltr' id='par_1_4' title="bbox 193 1481 2013 3649">
     <span class='ocr_line' id='line_1_12' title="bbox 248 1481 2004 1561; baseline -0.004 -13"><span class='ocrx_word' id='word_1_77' title='bbox 248 1483 559 1548; x_wconf 89' lang='lat' dir='ltr'>semiradii</span> <span class='ocrx_word' id='word_1_78' title='bbox 619 1489 820 1543; x_wconf 91' lang='grc'><strong>15000</strong></span> <span class='ocrx_word' id='word_1_79' title='bbox 871 1502 985 1561; x_wconf 89' lang='lat' dir='ltr'>pro</span> <span class='ocrx_word' id='word_1_80' title='bbox 1040 1482 1175 1541; x_wconf 90' lang='lat' dir='ltr'>BN.</span> <span class='ocrx_word' id='word_1_81' title='bbox 1267 1481 1657 1542; x_wconf 74' lang='lat' dir='ltr'>Quadratum</span> <span class='ocrx_word' id='word_1_82' title='bbox 1708 1490 1916 1542; x_wconf 90' lang='lat' dir='ltr'>autem</span> <span class='ocrx_word' id='word_1_83' title='bbox 1967 1503 2004 1541; x_wconf 88' lang='lat' dir='ltr'>a</span> 
     </span>
     <span class='ocr_line' id='line_1_13' title="bbox 249 1576 2002 1656; baseline -0.003 -15"><span class='ocrx_word' id='word_1_84' title='bbox 249 1578 576 1641; x_wconf 86' lang='lat' dir='ltr'>semiradio</span> <span class='ocrx_word' id='word_1_85' title='bbox 644 1587 740 1637; x_wconf 88' lang='lat' dir='ltr'>est</span> <span class='ocrx_word' id='word_1_86' title='bbox 808 1583 1165 1649; x_wconf 86' lang='lat'>25000000,</span> <span class='ocrx_word' id='word_1_87' title='bbox 1234 1588 1296 1637; x_wconf 93' lang='lat' dir='ltr'>et</span> <span class='ocrx_word' id='word_1_88' title='bbox 1362 1576 1733 1656; x_wconf 90' lang='lat' dir='ltr'>quadratum</span> <span class='ocrx_word' id='word_1_89' title='bbox 1792 1598 1830 1636; x_wconf 87' lang='lat' dir='ltr'>a</span> <span class='ocrx_word' id='word_1_90' title='bbox 1888 1577 2002 1636; x_wconf 88' lang='lat' dir='ltr'>BN</span> 
     </span>
     <span class='ocr_line' id='line_1_14' title="bbox 250 1671 2005 1751; baseline -0.003 -15"><span class='ocrx_word' id='word_1_91' title='bbox 250 1679 656 1736; x_wconf 86' lang='lat'>225000000:</span> <span class='ocrx_word' id='word_1_92' title='bbox 691 1692 829 1751; x_wconf 79' lang='lat' dir='ltr'>quae</span> <span class='ocrx_word' id='word_1_93' title='bbox 861 1671 982 1731; x_wconf 92' lang='lat' dir='ltr'>duo</span> <span class='ocrx_word' id='word_1_94' title='bbox 1014 1671 1318 1751; x_wconf 90' lang='lat' dir='ltr'>quadrata</span> <span class='ocrx_word' id='word_1_95' title='bbox 1361 1672 1542 1731; x_wconf 90' lang='lat' dir='ltr'>simul</span> <span class='ocrx_word' id='word_1_96' title='bbox 1586 1681 1830 1751; x_wconf 90' lang='lat' dir='ltr'>sumpta</span> <span class='ocrx_word' id='word_1_97' title='bbox 1859 1683 2005 1732; x_wconf 91' lang='lat' dir='ltr'>sunt</span> 
     </span>
     <span class='ocr_line' id='line_1_15' title="bbox 251 1766 2005 1846; baseline -0.003 -16"><span class='ocrx_word' id='word_1_98' title='bbox 251 1773 649 1840; x_wconf 85' lang='lat'>250000000,</span> <span class='ocrx_word' id='word_1_99' title='bbox 683 1767 781 1826; x_wconf 83' lang='lat' dir='ltr'>cui</span> <span class='ocrx_word' id='word_1_100' title='bbox 825 1766 1059 1845; x_wconf 80' lang='lat' dir='ltr'>aequale</span> <span class='ocrx_word' id='word_1_101' title='bbox 1091 1775 1183 1826; x_wconf 91' lang='lat' dir='ltr'>est</span> <span class='ocrx_word' id='word_1_102' title='bbox 1214 1766 1583 1846; x_wconf 91' lang='lat' dir='ltr'>quadratum</span> <span class='ocrx_word' id='word_1_103' title='bbox 1615 1788 1652 1827; x_wconf 89' lang='lat' dir='ltr'>a</span> <span class='ocrx_word' id='word_1_104' title='bbox 1682 1768 1805 1827; x_wconf 92' lang='grc' dir='ltr'>ΒΜ</span> <span class='ocrx_word' id='word_1_105' title='bbox 1838 1788 2005 1827; x_wconf 88' lang='lat' dir='ltr'>com-</span> 
     </span>
     <span class='ocr_line' id='line_1_16' title="bbox 251 1861 2006 1944; baseline -0.001 -20"><span class='ocrx_word' id='word_1_106' title='bbox 251 1863 455 1944; x_wconf 90' lang='lat' dir='ltr'>posita</span> <span class='ocrx_word' id='word_1_107' title='bbox 489 1881 566 1922; x_wconf 88' lang='lat' dir='ltr'>ex</span> <span class='ocrx_word' id='word_1_108' title='bbox 604 1861 780 1921; x_wconf 91' lang='lat' dir='ltr'>radio</span> <span class='ocrx_word' id='word_1_109' title='bbox 826 1871 889 1921; x_wconf 93' lang='lat' dir='ltr'>et</span> <span class='ocrx_word' id='word_1_110' title='bbox 932 1870 1227 1940; x_wconf 85' lang='lat' dir='ltr'><strong>tangente</strong></span> <span class='ocrx_word' id='word_1_111' title='bbox 1274 1869 1353 1923; x_wconf 87' lang='lat'>30</span> <span class='ocrx_word' id='word_1_112' title='bbox 1392 1862 1716 1942; x_wconf 90' lang='lat' dir='ltr'>graduum.</span> <span class='ocrx_word' id='word_1_113' title='bbox 1805 1863 2006 1923; x_wconf 86' lang='lat' dir='ltr'>Radix</span> 
     </span>
     <span class='ocr_line' id='line_1_17' title="bbox 252 1956 2006 2037; baseline -0.001 -18"><span class='ocrx_word' id='word_1_114' title='bbox 252 1967 459 2019; x_wconf 86' lang='lat' dir='ltr'>autem</span> <span class='ocrx_word' id='word_1_115' title='bbox 527 1956 770 2016; x_wconf 91' lang='lat' dir='ltr'>numeri</span> <span class='ocrx_word' id='word_1_116' title='bbox 837 1963 1213 2018; x_wconf 91' lang='grc'><strong>250000000</strong></span> <span class='ocrx_word' id='word_1_117' title='bbox 1275 1966 1368 2017; x_wconf 90' lang='lat' dir='ltr'>est</span> <span class='ocrx_word' id='word_1_118' title='bbox 1433 1964 2006 2037; x_wconf 82' lang='lat' dir='ltr'>15811-—quarum</span> 
     </span>
     <span class='ocr_line' id='line_1_18' title="bbox 251 2050 2005 2132; baseline 0 -20"><span class='ocrx_word' id='word_1_119' title='bbox 251 2052 521 2132; x_wconf 87' lang='lat' dir='ltr'>partium</span> <span class='ocrx_word' id='word_1_120' title='bbox 565 2050 774 2111; x_wconf 89' lang='lat' dir='ltr'>radius</span> <span class='ocrx_word' id='word_1_121' title='bbox 822 2062 917 2111; x_wconf 90' lang='lat' dir='ltr'>est</span> <span class='ocrx_word' id='word_1_122' title='bbox 955 2057 1175 2112; x_wconf 93' lang='grc'><strong>10000.</strong></span> <span class='ocrx_word' id='word_1_123' title='bbox 1264 2051 1658 2131; x_wconf 88' lang='lat' dir='ltr'>Relinquitur</span> <span class='ocrx_word' id='word_1_124' title='bbox 1703 2073 1851 2132; x_wconf 90' lang='lat' dir='ltr'>ergo</span> <span class='ocrx_word' id='word_1_125' title='bbox 1892 2074 2005 2132; x_wconf 93' lang='lat' dir='ltr'>pro</span> 
     </span>
     <span class='ocr_line' id='line_1_19' title="bbox 252 2145 2004 2225; baseline 0 -19"><span class='ocrx_word' id='word_1_126' title='bbox 252 2155 550 2225; x_wconf 85' lang='lat' dir='ltr'><strong>tangente</strong></span> <span class='ocrx_word' id='word_1_127' title='bbox 582 2152 661 2205; x_wconf 87' lang='lat'>30</span> <span class='ocrx_word' id='word_1_128' title='bbox 691 2145 996 2224; x_wconf 91' lang='lat' dir='ltr'>graduum</span> <span class='ocrx_word' id='word_1_129' title='bbox 1028 2146 1576 2224; x_wconf 83' lang='lat' dir='ltr'>5811-proxime.</span> <span class='ocrx_word' id='word_1_130' title='bbox 1637 2147 1748 2206; x_wconf 87' lang='lat' dir='ltr'>Est</span> <span class='ocrx_word' id='word_1_131' title='bbox 1777 2156 2004 2221; x_wconf 91' lang='lat' dir='ltr'>autem,</span> 
     </span>
     <span class='ocr_line' id='line_1_20' title="bbox 254 2241 2007 2321; baseline -0.001 -19"><span class='ocrx_word' id='word_1_132' title='bbox 254 2242 319 2302; x_wconf 89' lang='lat' dir='ltr'>in</span> <span class='ocrx_word' id='word_1_133' title='bbox 350 2241 576 2301; x_wconf 89' lang='lat' dir='ltr'>tabulis</span> <span class='ocrx_word' id='word_1_134' title='bbox 606 2241 1016 2319; x_wconf 81' lang='lat' dir='ltr'>tangentium,</span> <span class='ocrx_word' id='word_1_135' title='bbox 1057 2260 1170 2319; x_wconf 93' lang='lat' dir='ltr'>pro</span> <span class='ocrx_word' id='word_1_136' title='bbox 1207 2241 1337 2319; x_wconf 88' lang='lat' dir='ltr'>ejus</span> <span class='ocrx_word' id='word_1_137' title='bbox 1384 2241 1731 2319; x_wconf 88' lang='lat' dir='ltr'>quantitate</span> <span class='ocrx_word' id='word_1_138' title='bbox 1772 2243 2007 2321; x_wconf 85' lang='lat' dir='ltr'>positus</span> 
     </span>
     <span class='ocr_line' id='line_1_21' title="bbox 254 2336 2010 2416; baseline -0.001 -19"><span class='ocrx_word' id='word_1_139' title='bbox 254 2356 545 2398; x_wconf 91' lang='lat' dir='ltr'>numerus</span> <span class='ocrx_word' id='word_1_140' title='bbox 567 2338 644 2404; x_wconf 90' lang='lat'>57</span> <span class='ocrx_word' id='word_1_141' title='bbox 650 2341 685 2404; x_wconf 92' lang='lat'><em>7</em></span> <span class='ocrx_word' id='word_1_142' title='bbox 693 2343 834 2410; x_wconf 86' lang='lat'>3-—,</span> <span class='ocrx_word' id='word_1_143' title='bbox 859 2336 963 2415; x_wconf 92' lang='lat' dir='ltr'>qui</span> <span class='ocrx_word' id='word_1_144' title='bbox 994 2344 1086 2395; x_wconf 89' lang='lat' dir='ltr'>est</span> <span class='ocrx_word' id='word_1_145' title='bbox 1110 2355 1284 2395; x_wconf 92' lang='lat' dir='ltr'>error</span> <span class='ocrx_word' id='word_1_146' title='bbox 1308 2336 1605 2396; x_wconf 92' lang='lat' dir='ltr'>momenti</span> <span class='ocrx_word' id='word_1_147' title='bbox 1629 2337 1776 2396; x_wconf 91' lang='lat' dir='ltr'>satis</span> <span class='ocrx_word' id='word_1_148' title='bbox 1799 2337 2010 2416; x_wconf 88' lang='lat' dir='ltr'>magni</span> 
     </span>
     <span class='ocr_line' id='line_1_22' title="bbox 256 2431 2011 2513; baseline 0.001 -21"><span class='ocrx_word' id='word_1_149' title='bbox 256 2432 322 2492; x_wconf 83' lang='lat' dir='ltr'>in</span> <span class='ocrx_word' id='word_1_150' title='bbox 351 2431 601 2491; x_wconf 88' lang='lat' dir='ltr'>calculis</span> <span class='ocrx_word' id='word_1_151' title='bbox 631 2432 1079 2504; x_wconf 81' lang='lat' dir='ltr'>astronomiciS,</span> <span class='ocrx_word' id='word_1_152' title='bbox 1106 2441 1170 2492; x_wconf 90' lang='lat' dir='ltr'>et</span> <span class='ocrx_word' id='word_1_153' title='bbox 1198 2433 1264 2491; x_wconf 93' lang='lat' dir='ltr'>in</span> <span class='ocrx_word' id='word_1_154' title='bbox 1295 2433 1530 2493; x_wconf 90' lang='lat' dir='ltr'>calculo</span> <span class='ocrx_word' id='word_1_155' title='bbox 1561 2434 2011 2513; x_wconf 91' lang='lat' dir='ltr'>triangulorum</span> 
     </span>
     <span class='ocr_line' id='line_1_23' title="bbox 259 2526 2011 2609; baseline 0.003 -24"><span class='ocrx_word' id='word_1_156' title='bbox 259 2545 381 2604; x_wconf 92' lang='lat' dir='ltr'>quo</span> <span class='ocrx_word' id='word_1_157' title='bbox 411 2535 673 2585; x_wconf 89' lang='lat' dir='ltr'>utuntur</span> <span class='ocrx_word' id='word_1_158' title='bbox 701 2526 1169 2605; x_wconf 78' lang='lat' dir='ltr'>agrimensores,</span> <span class='ocrx_word' id='word_1_159' title='bbox 1257 2527 1485 2587; x_wconf 89' lang='lat' dir='ltr'>Iisdem</span> <span class='ocrx_word' id='word_1_160' title='bbox 1528 2529 1847 2609; x_wconf 86' lang='lat' dir='ltr'>principiis</span> <span class='ocrx_word' id='word_1_161' title='bbox 1874 2551 2011 2609; x_wconf 82' lang='lat' dir='ltr'>quae</span> 
     </span>
     <span class='ocr_line' id='line_1_24' title="bbox 260 2619 2012 2704; baseline 0.003 -25"><span class='ocrx_word' id='word_1_162' title='bbox 260 2619 499 2680; x_wconf 89' lang='lat' dir='ltr'>ostendi</span> <span class='ocrx_word' id='word_1_163' title='bbox 553 2640 738 2699; x_wconf 90' lang='lat' dir='ltr'>supra</span> <span class='ocrx_word' id='word_1_164' title='bbox 788 2641 920 2681; x_wconf 86' lang='lat' dir='ltr'>esse</span> <span class='ocrx_word' id='word_1_165' title='bbox 976 2622 1151 2695; x_wconf 87' lang='lat' dir='ltr'>falsa,</span> <span class='ocrx_word' id='word_1_166' title='bbox 1204 2623 1542 2683; x_wconf 86' lang='lat' dir='ltr'>attribuere</span> <span class='ocrx_word' id='word_1_167' title='bbox 1594 2634 1792 2704; x_wconf 89' lang='lat' dir='ltr'>potes,</span> <span class='ocrx_word' id='word_1_168' title='bbox 1845 2625 2012 2704; x_wconf 90' lang='lat' dir='ltr'>quod</span> 
     </span>
     <span class='ocr_line' id='line_1_25' title="bbox 261 2714 2010 2800; baseline 0.005 -28"><span class='ocrx_word' id='word_1_169' title='bbox 261 2714 570 2792; x_wconf 88' lang='lat' dir='ltr'>quantitas</span> <span class='ocrx_word' id='word_1_170' title='bbox 600 2714 832 2789; x_wconf 89' lang='lat' dir='ltr'>circuli,</span> <span class='ocrx_word' id='word_1_171' title='bbox 863 2736 900 2775; x_wconf 92' lang='lat' dir='ltr'>a</span> <span class='ocrx_word' id='word_1_172' title='bbox 929 2717 1167 2796; x_wconf 91' lang='lat' dir='ltr'>magnis</span> <span class='ocrx_word' id='word_1_173' title='bbox 1196 2718 1459 2797; x_wconf 88' lang='lat' dir='ltr'>ingeniis</span> <span class='ocrx_word' id='word_1_174' title='bbox 1490 2720 1657 2778; x_wconf 90' lang='lat' dir='ltr'>omni</span> <span class='ocrx_word' id='word_1_175' title='bbox 1686 2741 1815 2780; x_wconf 82' lang='lat' dir='ltr'>aevo</span> <span class='ocrx_word' id='word_1_176' title='bbox 1846 2741 2010 2800; x_wconf 88' lang='lat' dir='ltr'>quae-</span> 
     </span>
     <span class='ocr_line' id='line_1_26' title="bbox 263 2807 2011 2892; baseline 0.003 -24"><span class='ocrx_word' id='word_1_177' title='bbox 263 2807 468 2881; x_wconf 88' lang='lat' dir='ltr'>situm,</span> <span class='ocrx_word' id='word_1_178' title='bbox 520 2808 783 2868; x_wconf 88' lang='lat' dir='ltr'>inveniri</span> <span class='ocrx_word' id='word_1_179' title='bbox 829 2818 1038 2871; x_wconf 91' lang='lat' dir='ltr'>tamen</span> <span class='ocrx_word' id='word_1_180' title='bbox 1088 2833 1214 2872; x_wconf 92' lang='lat' dir='ltr'>non</span> <span class='ocrx_word' id='word_1_181' title='bbox 1260 2814 1550 2892; x_wconf 88' lang='lat' dir='ltr'>potuerit.</span> <span class='ocrx_word' id='word_1_182' title='bbox 1642 2815 1797 2875; x_wconf 74' lang='lat' dir='ltr'>Quis</span> <span class='ocrx_word' id='word_1_183' title='bbox 1850 2815 2011 2874; x_wconf 90' lang='lat' dir='ltr'>enim</span> 
     </span>
     <span class='ocr_line' id='line_1_27' title="bbox 262 2901 2012 2982; baseline 0.005 -21"><span class='ocrx_word' id='word_1_184' title='bbox 262 2901 689 2982; x_wconf 80' lang='lat' dir='ltr'>praejudicium</span> <span class='ocrx_word' id='word_1_185' title='bbox 718 2903 1105 2966; x_wconf 82' lang='lat' dir='ltr'>Archimedis</span> <span class='ocrx_word' id='word_1_186' title='bbox 1135 2927 1262 2967; x_wconf 94' lang='lat' dir='ltr'>non</span> <span class='ocrx_word' id='word_1_187' title='bbox 1284 2909 1636 2968; x_wconf 81' lang='lat' dir='ltr'>vereretur?</span> <span class='ocrx_word' id='word_1_188' title='bbox 1695 2910 1829 2969; x_wconf 84' lang='lat' dir='ltr'>Etsi</span> <span class='ocrx_word' id='word_1_189' title='bbox 1858 2910 2012 2969; x_wconf 90' lang='lat' dir='ltr'>liber</span> 
     </span>
     <span class='ocr_line' id='line_1_28' title="bbox 266 2996 2010 3076; baseline 0.006 -22"><span class='ocrx_word' id='word_1_190' title='bbox 266 2998 396 3076; x_wconf 88' lang='lat' dir='ltr'>ejus</span> <span class='ocrx_word' id='word_1_191' title='bbox 426 2996 505 3055; x_wconf 85' lang='lat' dir='ltr'>de</span> <span class='ocrx_word' id='word_1_192' title='bbox 534 2996 934 3059; x_wconf 73' lang='lat' dir='ltr'>Dimensione</span> <span class='ocrx_word' id='word_1_193' title='bbox 969 2999 1212 3062; x_wconf 78' lang='lat' dir='ltr'>Circuli</span> <span class='ocrx_word' id='word_1_194' title='bbox 1255 3023 1379 3063; x_wconf 93' lang='lat' dir='ltr'>non</span> <span class='ocrx_word' id='word_1_195' title='bbox 1429 3004 1579 3062; x_wconf 91' lang='lat' dir='ltr'>mihi</span> <span class='ocrx_word' id='word_1_196' title='bbox 1607 3004 1890 3064; x_wconf 89' lang='lat' dir='ltr'>videatur</span> <span class='ocrx_word' id='word_1_197' title='bbox 1933 3006 2010 3064; x_wconf 90' lang='lat' dir='ltr'>ab</span> 
     </span>
     <span class='ocr_line' id='line_1_29' title="bbox 266 3089 2011 3179; baseline 0.007 -31"><span class='ocrx_word' id='word_1_198' title='bbox 266 3092 399 3170; x_wconf 88' lang='lat' dir='ltr'>ipso</span> <span class='ocrx_word' id='word_1_199' title='bbox 449 3089 686 3159; x_wconf 85' lang='lat' dir='ltr'>editus;</span> <span class='ocrx_word' id='word_1_200' title='bbox 735 3093 1010 3155; x_wconf 87' lang='lat' dir='ltr'>continet</span> <span class='ocrx_word' id='word_1_201' title='bbox 1058 3097 1222 3157; x_wconf 90' lang='lat' dir='ltr'>enim</span> <span class='ocrx_word' id='word_1_202' title='bbox 1268 3108 1394 3158; x_wconf 92' lang='lat' dir='ltr'>tres</span> <span class='ocrx_word' id='word_1_203' title='bbox 1442 3109 1687 3159; x_wconf 91' lang='lat' dir='ltr'>tantum</span> <span class='ocrx_word' id='word_1_204' title='bbox 1732 3100 2011 3179; x_wconf 88' lang='lat' dir='ltr'>proposi-</span> 
     </span>
     <span class='ocr_line' id='line_1_30' title="bbox 266 3185 2010 3275; baseline 0.004 -30"><span class='ocrx_word' id='word_1_205' title='bbox 266 3185 486 3259; x_wconf 84' lang='lat' dir='ltr'>tioneS,</span> <span class='ocrx_word' id='word_1_206' title='bbox 517 3205 633 3245; x_wconf 85' lang='lat' dir='ltr'>nee</span> <span class='ocrx_word' id='word_1_207' title='bbox 673 3205 775 3246; x_wconf 92' lang='lat' dir='ltr'>eas</span> <span class='ocrx_word' id='word_1_208' title='bbox 811 3188 1028 3249; x_wconf 91' lang='lat' dir='ltr'>ordine</span> <span class='ocrx_word' id='word_1_209' title='bbox 1058 3212 1178 3271; x_wconf 94' lang='lat' dir='ltr'>quo</span> <span class='ocrx_word' id='word_1_210' title='bbox 1209 3194 1487 3273; x_wconf 91' lang='lat' dir='ltr'>oportuit</span> <span class='ocrx_word' id='word_1_211' title='bbox 1518 3195 1865 3275; x_wconf 82' lang='lat' dir='ltr'>dispositaS,</span> <span class='ocrx_word' id='word_1_212' title='bbox 1897 3214 2010 3253; x_wconf 92' lang='lat' dir='ltr'>nec</span> 
     </span>
     <span class='ocr_line' id='line_1_31' title="bbox 268 3278 2012 3367; baseline 0.003 -28"><span class='ocrx_word' id='word_1_213' title='bbox 268 3279 428 3339; x_wconf 88' lang='lat' dir='ltr'>sicut</span> <span class='ocrx_word' id='word_1_214' title='bbox 470 3278 573 3338; x_wconf 89' lang='lat' dir='ltr'>alii</span> <span class='ocrx_word' id='word_1_215' title='bbox 621 3280 750 3357; x_wconf 87' lang='lat' dir='ltr'>ejus</span> <span class='ocrx_word' id='word_1_216' title='bbox 788 3280 931 3341; x_wconf 88' lang='lat' dir='ltr'>libri</span> <span class='ocrx_word' id='word_1_217' title='bbox 968 3283 1048 3342; x_wconf 86' lang='lat' dir='ltr'>ad</span> <span class='ocrx_word' id='word_1_218' title='bbox 1077 3305 1424 3366; x_wconf 87' lang='lat' dir='ltr'>quenquam</span> <span class='ocrx_word' id='word_1_219' title='bbox 1455 3289 1558 3367; x_wconf 92' lang='lat' dir='ltr'>qui</span> <span class='ocrx_word' id='word_1_220' title='bbox 1589 3309 1693 3348; x_wconf 92' lang='lat' dir='ltr'>eos</span> <span class='ocrx_word' id='word_1_221' title='bbox 1734 3287 2012 3347; x_wconf 88' lang='lat' dir='ltr'>conside-</span> 
     </span>
     <span class='ocr_line' id='line_1_32' title="bbox 193 3373 2013 3445; baseline 0.004 -13"><span class='ocrx_word' id='word_1_222' title='bbox 193 3383 197 3386; x_wconf 82' lang='grc'><strong>’</strong></span> <span class='ocrx_word' id='word_1_223' title='bbox 268 3383 436 3433; x_wconf 83' lang='lat' dir='ltr'>raret</span> <span class='ocrx_word' id='word_1_224' title='bbox 463 3373 700 3445; x_wconf 83' lang='lat' dir='ltr'>missuS,</span> <span class='ocrx_word' id='word_1_225' title='bbox 731 3374 838 3434; x_wconf 87' lang='lat' dir='ltr'>sed</span> <span class='ocrx_word' id='word_1_226' title='bbox 877 3385 947 3436; x_wconf 92' lang='lat' dir='ltr'>ut</span> <span class='ocrx_word' id='word_1_227' title='bbox 995 3378 1094 3436; x_wconf 92' lang='lat' dir='ltr'>cui</span> <span class='ocrx_word' id='word_1_228' title='bbox 1128 3382 1399 3442; x_wconf 90' lang='lat' dir='ltr'>nondum</span> <span class='ocrx_word' id='word_1_229' title='bbox 1449 3403 1697 3442; x_wconf 92' lang='lat' dir='ltr'>manum</span> <span class='ocrx_word' id='word_1_230' title='bbox 1734 3382 2013 3440; x_wconf 90' lang='lat' dir='ltr'>ultimam</span> 
     </span>
     <span class='ocr_line' id='line_1_33' title="bbox 270 3467 2011 3556; baseline 0.005 -31"><span class='ocrx_word' id='word_1_231' title='bbox 270 3467 628 3546; x_wconf 89' lang='lat' dir='ltr'>imposuerit</span> <span class='ocrx_word' id='word_1_232' title='bbox 674 3468 838 3546; x_wconf 91' lang='lat' dir='ltr'>apud</span> <span class='ocrx_word' id='word_1_233' title='bbox 889 3489 952 3530; x_wconf 91' lang='lat' dir='ltr'>se</span> <span class='ocrx_word' id='word_1_234' title='bbox 998 3482 1294 3550; x_wconf 86' lang='lat' dir='ltr'>retentus,</span> <span class='ocrx_word' id='word_1_235' title='bbox 1343 3478 1420 3536; x_wconf 91' lang='lat' dir='ltr'>ab</span> <span class='ocrx_word' id='word_1_236' title='bbox 1473 3478 1606 3537; x_wconf 89' lang='lat' dir='ltr'>aliis</span> <span class='ocrx_word' id='word_1_237' title='bbox 1657 3475 2011 3556; x_wconf 82' lang='lat' dir='ltr'>geometriae</span> 
     </span>
     <span class='ocr_line' id='line_1_34' title="bbox 270 3560 1595 3649; baseline 0.008 -28"><span class='ocrx_word' id='word_1_238' title='bbox 270 3561 472 3621; x_wconf 88' lang='lat' dir='ltr'>minus</span> <span class='ocrx_word' id='word_1_239' title='bbox 501 3560 715 3639; x_wconf 89' lang='lat' dir='ltr'>peritis</span> <span class='ocrx_word' id='word_1_240' title='bbox 744 3572 884 3641; x_wconf 90' lang='lat' dir='ltr'>post</span> <span class='ocrx_word' id='word_1_241' title='bbox 913 3574 1174 3628; x_wconf 90' lang='lat' dir='ltr'>mortem</span> <span class='ocrx_word' id='word_1_242' title='bbox 1211 3571 1342 3649; x_wconf 90' lang='lat' dir='ltr'>ejus</span> <span class='ocrx_word' id='word_1_243' title='bbox 1373 3571 1595 3631; x_wconf 89' lang='lat' dir='ltr'>editus.</span> 
     </span>
    </p>
   </div>
   <div class='ocr_carea' id='block_1_5' title="bbox 356 3655 2012 3743">
    <p class='ocr_par' dir='ltr' id='par_1_5' title="bbox 356 3655 2012 3743">
     <span class='ocr_line' id='line_1_35' title="bbox 356 3655 2012 3743; baseline 0.005 -30"><span class='ocrx_word' id='word_1_244' title='bbox 356 3655 657 3716; x_wconf 87' lang='lat' dir='ltr'>Doctrina</span> <span class='ocrx_word' id='word_1_245' title='bbox 686 3667 912 3734; x_wconf 86' lang='lat' dir='ltr'>autem,</span> <span class='ocrx_word' id='word_1_246' title='bbox 940 3670 1002 3720; x_wconf 91' lang='lat' dir='ltr'>et</span> <span class='ocrx_word' id='word_1_247' title='bbox 1024 3661 1158 3740; x_wconf 90' lang='lat' dir='ltr'>ipsa</span> <span class='ocrx_word' id='word_1_248' title='bbox 1186 3666 1438 3726; x_wconf 90' lang='lat' dir='ltr'>nomina</span> <span class='ocrx_word' id='word_1_249' title='bbox 1467 3666 1729 3737; x_wconf 90' lang='lat' dir='ltr'>sinuum,</span> <span class='ocrx_word' id='word_1_250' title='bbox 1755 3672 2012 3743; x_wconf 87' lang='lat' dir='ltr'>tangen-</span> 
     </span>
    </p>
   </div>
  </div>
 </body>
</html>
