<?xml version="1.0" encoding="UTF-8"?>
<!DOCTYPE html PUBLIC "-//W3C//DTD XHTML 1.0 Transitional//EN"
    "http://www.w3.org/TR/xhtml1/DTD/xhtml1-transitional.dtd">
<html xmlns="http://www.w3.org/1999/xhtml" xml:lang="en" lang="en">
 <head>
  <title>
</title>
<meta http-equiv="Content-Type" content="text/html;charset=utf-8" />
  <meta name='ocr-system' content='tesseract 3.04.00' />
  <meta name='ocr-capabilities' content='ocr_page ocr_carea ocr_par ocr_line ocrx_word'/>
</head>
<body>
  <div class='ocr_page' id='page_1' title='image "./operaphilosophic04hobbuoft_0522.png"; bbox 0 0 2462 4120; ppageno 0'>
   <div class='ocr_carea' id='block_1_1' title="bbox 607 366 1871 438">
    <p class='ocr_par' dir='ltr' id='par_1_1' title="bbox 607 366 1871 438">
     <span class='ocr_line' id='line_1_1' title="bbox 607 366 1871 438; baseline 0.006 -19"><span class='ocrx_word' id='word_1_1' title='bbox 607 366 726 420; x_wconf 82' lang='grc'>510</span> <span class='ocrx_word' id='word_1_2' title='bbox 1060 379 1534 427; x_wconf 84' lang='lat' dir='ltr'>QUADRATURA</span> <span class='ocrx_word' id='word_1_3' title='bbox 1568 383 1871 438; x_wconf 68' lang='lat' dir='ltr'>crucum,</span> 
     </span>
    </p>
   </div>
   <div class='ocr_carea' id='block_1_2' title="bbox 264 515 2332 3698">
    <p class='ocr_par' dir='ltr' id='par_1_2' title="bbox 264 515 2328 782">
     <span class='ocr_line' id='line_1_2' title="bbox 264 515 2328 602; baseline 0.01 -37"><span class='ocrx_word' id='word_1_4' title='bbox 264 534 333 566; x_wconf 73' lang='lat' dir='ltr'>An</span> <span class='ocrx_word' id='word_1_5' title='bbox 359 535 496 567; x_wconf 75' lang='lat' dir='ltr'>PnoP.</span> <span class='ocrx_word' id='word_1_6' title='bbox 517 535 567 569; x_wconf 89' lang='lat' dir='ltr'>v.</span> <span class='ocrx_word' id='word_1_7' title='bbox 597 516 674 574; x_wconf 88' lang='lat' dir='ltr'>ab</span> <span class='ocrx_word' id='word_1_8' title='bbox 705 516 826 577; x_wconf 69' lang='grc' dir='ltr'>ΑΘ,</span> <span class='ocrx_word' id='word_1_9' title='bbox 856 515 1108 595; x_wconf 89' lang='lat' dir='ltr'>duplum</span> <span class='ocrx_word' id='word_1_10' title='bbox 1138 519 1419 597; x_wconf 89' lang='lat' dir='ltr'>quadrati</span> <span class='ocrx_word' id='word_1_11' title='bbox 1447 522 1522 581; x_wconf 91' lang='lat' dir='ltr'>ab</span> <span class='ocrx_word' id='word_1_12' title='bbox 1553 522 1681 582; x_wconf 89' lang='lat' dir='ltr'>AY.</span> <span class='ocrx_word' id='word_1_13' title='bbox 1767 522 1931 602; x_wconf 85' lang='lat' dir='ltr'>Ergo</span> <span class='ocrx_word' id='word_1_14' title='bbox 1962 524 2328 602; x_wconf 85' lang='lat' dir='ltr'>quadratum</span> 
     </span>
     <span class='ocr_line' id='line_1_3' title="bbox 294 591 2326 698; baseline 0.006 -32"><span class='ocrx_word' id='word_1_15' title='bbox 294 591 529 618; x_wconf 33' lang='lat' dir='ltr'>*W</span> <span class='ocrx_word' id='word_1_16' title='bbox 598 609 675 668; x_wconf 87' lang='lat' dir='ltr'>ab</span> <span class='ocrx_word' id='word_1_17' title='bbox 720 610 840 670; x_wconf 71' lang='grc' dir='ltr'>ΑΟ,</span> <span class='ocrx_word' id='word_1_18' title='bbox 889 610 1294 690; x_wconf 90' lang='lat' dir='ltr'>quadruplum</span> <span class='ocrx_word' id='word_1_19' title='bbox 1340 623 1431 672; x_wconf 86' lang='lat' dir='ltr'>est</span> <span class='ocrx_word' id='word_1_20' title='bbox 1472 615 1752 693; x_wconf 90' lang='lat' dir='ltr'>quadrati</span> <span class='ocrx_word' id='word_1_21' title='bbox 1800 618 1877 676; x_wconf 90' lang='lat' dir='ltr'>ab</span> <span class='ocrx_word' id='word_1_22' title='bbox 1928 616 2017 678; x_wconf 81' lang='lat' dir='ltr'>eb.</span> <span class='ocrx_word' id='word_1_23' title='bbox 2112 618 2326 698; x_wconf 89' lang='lat' dir='ltr'>Itaque</span> 
     </span>
     <span class='ocr_line' id='line_1_4' title="bbox 597 703 1582 782; baseline 0.007 -21"><span class='ocrx_word' id='word_1_24' title='bbox 597 712 770 762; x_wconf 91' lang='lat' dir='ltr'>recta</span> <span class='ocrx_word' id='word_1_25' title='bbox 798 704 917 764; x_wconf 71' lang='grc' dir='ltr'>ΑΟ,</span> <span class='ocrx_word' id='word_1_26' title='bbox 946 703 1131 782; x_wconf 90' lang='lat' dir='ltr'>dupla</span> <span class='ocrx_word' id='word_1_27' title='bbox 1160 716 1251 765; x_wconf 86' lang='lat' dir='ltr'>est</span> <span class='ocrx_word' id='word_1_28' title='bbox 1279 718 1466 766; x_wconf 81' lang='lat' dir='ltr'>rectae</span> <span class='ocrx_word' id='word_1_29' title='bbox 1490 708 1582 768; x_wconf 79' lang='lat' dir='ltr'>eb.</span> 
     </span>
    </p>

    <p class='ocr_par' dir='ltr' id='par_1_3' title="bbox 595 797 2332 1066">
     <span class='ocr_line' id='line_1_5' title="bbox 683 797 2332 882; baseline 0.006 -27"><span class='ocrx_word' id='word_1_30' title='bbox 683 797 1030 856; x_wconf 90' lang='lat' dir='ltr'>Secundum</span> <span class='ocrx_word' id='word_1_31' title='bbox 1071 800 1456 859; x_wconf 87' lang='lat' dir='ltr'>corollarium</span> <span class='ocrx_word' id='word_1_32' title='bbox 1501 811 1650 874; x_wconf 88' lang='lat' dir='ltr'>erat,</span> <span class='ocrx_word' id='word_1_33' title='bbox 1697 823 1903 863; x_wconf 83' lang='lat' dir='ltr'>arcum</span> <span class='ocrx_word' id='word_1_34' title='bbox 1935 806 2040 882; x_wconf 76' lang='lat' dir='ltr'>Zn,</span> <span class='ocrx_word' id='word_1_35' title='bbox 2073 805 2332 864; x_wconf 88' lang='lat' dir='ltr'>ductum·</span> 
     </span>
     <span class='ocr_line' id='line_1_6' title="bbox 595 889 2332 973; baseline 0.005 -25"><span class='ocrx_word' id='word_1_36' title='bbox 595 889 767 949; x_wconf 91' lang='lat' dir='ltr'>radio</span> <span class='ocrx_word' id='word_1_37' title='bbox 797 891 921 964; x_wconf 90' lang='lat' dir='ltr'>AZ,</span> <span class='ocrx_word' id='word_1_38' title='bbox 951 893 1347 953; x_wconf 87' lang='lat' dir='ltr'>terminatum</span> <span class='ocrx_word' id='word_1_39' title='bbox 1376 895 1438 954; x_wconf 89' lang='lat' dir='ltr'>in</span> <span class='ocrx_word' id='word_1_40' title='bbox 1472 896 1600 968; x_wconf 87' lang='lat' dir='ltr'>AG,</span> <span class='ocrx_word' id='word_1_41' title='bbox 1625 905 1686 956; x_wconf 88' lang='lat' dir='ltr'>et</span> <span class='ocrx_word' id='word_1_42' title='bbox 1707 907 1938 958; x_wconf 90' lang='lat' dir='ltr'>rectam</span> <span class='ocrx_word' id='word_1_43' title='bbox 1967 899 2085 973; x_wconf 82' lang='lat' dir='ltr'>Aa,</span> <span class='ocrx_word' id='word_1_44' title='bbox 2118 919 2332 959; x_wconf 66' lang='lat' dir='ltr'>secare:</span> 
     </span>
     <span class='ocr_line' id='line_1_7' title="bbox 595 985 1579 1066; baseline 0.005 -24"><span class='ocrx_word' id='word_1_45' title='bbox 595 993 824 1043; x_wconf 89' lang='lat' dir='ltr'>rectam</span> <span class='ocrx_word' id='word_1_46' title='bbox 855 985 966 1046; x_wconf 93' lang='lat' dir='ltr'>AO</span> <span class='ocrx_word' id='word_1_47' title='bbox 996 986 1059 1045; x_wconf 91' lang='lat' dir='ltr'>in</span> <span class='ocrx_word' id='word_1_48' title='bbox 1090 987 1303 1047; x_wconf 90' lang='lat' dir='ltr'>eodem</span> <span class='ocrx_word' id='word_1_49' title='bbox 1332 999 1579 1066; x_wconf 86' lang='lat' dir='ltr'>punct0.</span> 
     </span>
    </p>

    <p class='ocr_par' dir='ltr' id='par_1_4' title="bbox 585 1077 2324 2639">
     <span class='ocr_line' id='line_1_8' title="bbox 679 1077 2324 1164; baseline 0.005 -27"><span class='ocrx_word' id='word_1_50' title='bbox 679 1077 874 1138; x_wconf 90' lang='lat' dir='ltr'>Miror</span> <span class='ocrx_word' id='word_1_51' title='bbox 901 1079 1071 1138; x_wconf 93' lang='lat' dir='ltr'>illum</span> <span class='ocrx_word' id='word_1_52' title='bbox 1100 1100 1230 1139; x_wconf 85' lang='lat' dir='ltr'>rem</span> <span class='ocrx_word' id='word_1_53' title='bbox 1260 1091 1387 1139; x_wconf 92' lang='lat' dir='ltr'>tam</span> <span class='ocrx_word' id='word_1_54' title='bbox 1417 1081 1803 1141; x_wconf 83' lang='lat' dir='ltr'>manifestam</span> <span class='ocrx_word' id='word_1_55' title='bbox 1831 1082 2034 1143; x_wconf 89' lang='lat' dir='ltr'>videre</span> <span class='ocrx_word' id='word_1_56' title='bbox 2062 1104 2184 1145; x_wconf 91' lang='lat' dir='ltr'>non</span> <span class='ocrx_word' id='word_1_57' title='bbox 2213 1105 2324 1164; x_wconf 92' lang='lat' dir='ltr'>po-</span> 
     </span>
     <span class='ocr_line' id='line_1_9' title="bbox 593 1170 2321 1254; baseline 0.006 -25"><span class='ocrx_word' id='word_1_58' title='bbox 593 1170 801 1230; x_wconf 87' lang='lat' dir='ltr'>tuisse.</span> <span class='ocrx_word' id='word_1_59' title='bbox 908 1172 1222 1232; x_wconf 87' lang='lat' dir='ltr'>Concessit</span> <span class='ocrx_word' id='word_1_60' title='bbox 1274 1175 1437 1232; x_wconf 89' lang='lat' dir='ltr'>enim</span> <span class='ocrx_word' id='word_1_61' title='bbox 1484 1175 1562 1233; x_wconf 92' lang='lat' dir='ltr'>ad</span> <span class='ocrx_word' id='word_1_62' title='bbox 1610 1177 2093 1254; x_wconf 85' lang='lat' dir='ltr'>propositionem</span> <span class='ocrx_word' id='word_1_63' title='bbox 2142 1179 2321 1252; x_wconf 88' lang='lat' dir='ltr'>hanc,</span> 
     </span>
     <span class='ocr_line' id='line_1_10' title="bbox 593 1265 2322 1340; baseline 0.006 -18"><span class='ocrx_word' id='word_1_64' title='bbox 593 1274 793 1323; x_wconf 90' lang='lat' dir='ltr'>rectas</span> <span class='ocrx_word' id='word_1_65' title='bbox 837 1266 939 1338; x_wconf 82' lang='lat' dir='ltr'>Ze,</span> <span class='ocrx_word' id='word_1_66' title='bbox 959 1265 1068 1338; x_wconf 83' lang='lat' dir='ltr'>lzL,</span> <span class='ocrx_word' id='word_1_67' title='bbox 1094 1265 1186 1338; x_wconf 83' lang='lat' dir='ltr'>eb,</span> <span class='ocrx_word' id='word_1_68' title='bbox 1230 1266 1357 1324; x_wconf 91' lang='lat' dir='ltr'>sive</span> <span class='ocrx_word' id='word_1_69' title='bbox 1404 1267 1528 1339; x_wconf 93' lang='lat' dir='ltr'>AZ,</span> <span class='ocrx_word' id='word_1_70' title='bbox 1553 1267 1667 1340; x_wconf 83' lang='lat' dir='ltr'>Alz,</span> <span class='ocrx_word' id='word_1_71' title='bbox 1692 1269 1802 1340; x_wconf 84' lang='lat' dir='ltr'>Ae,</span> <span class='ocrx_word' id='word_1_72' title='bbox 1852 1288 1982 1330; x_wconf 89' lang='lat' dir='ltr'>esse</span> <span class='ocrx_word' id='word_1_73' title='bbox 2035 1272 2322 1332; x_wconf 82' lang='lat' dir='ltr'>continue</span> 
     </span>
     <span class='ocr_line' id='line_1_11' title="bbox 593 1359 2320 1443; baseline 0.005 -26"><span class='ocrx_word' id='word_1_74' title='bbox 593 1359 1095 1437; x_wconf 76' lang='lat' dir='ltr'>proportionales,</span> <span class='ocrx_word' id='word_1_75' title='bbox 1183 1360 1508 1421; x_wconf 76' lang='lat' dir='ltr'>Quomodo</span> <span class='ocrx_word' id='word_1_76' title='bbox 1540 1381 1686 1439; x_wconf 84' lang='lat' dir='ltr'>ergo</span> <span class='ocrx_word' id='word_1_77' title='bbox 1715 1362 1920 1422; x_wconf 90' lang='lat' dir='ltr'>videre</span> <span class='ocrx_word' id='word_1_78' title='bbox 1949 1384 2073 1423; x_wconf 93' lang='lat' dir='ltr'>non</span> <span class='ocrx_word' id='word_1_79' title='bbox 2103 1365 2320 1443; x_wconf 90' lang='lat' dir='ltr'>potuit,</span> 
     </span>
     <span class='ocr_line' id='line_1_12' title="bbox 593 1452 2318 1533; baseline 0.005 -23"><span class='ocrx_word' id='word_1_80' title='bbox 593 1452 838 1511; x_wconf 89' lang='lat' dir='ltr'>easdem</span> <span class='ocrx_word' id='word_1_81' title='bbox 874 1473 1004 1512; x_wconf 87' lang='lat' dir='ltr'>esse</span> <span class='ocrx_word' id='word_1_82' title='bbox 1042 1454 1330 1513; x_wconf 81' lang='lat' dir='ltr'>continue</span> <span class='ocrx_word' id='word_1_83' title='bbox 1376 1456 1864 1533; x_wconf 84' lang='lat' dir='ltr'>proportionales</span> <span class='ocrx_word' id='word_1_84' title='bbox 1909 1457 1973 1516; x_wconf 93' lang='lat' dir='ltr'>in</span> <span class='ocrx_word' id='word_1_85' title='bbox 2018 1458 2252 1518; x_wconf 91' lang='lat' dir='ltr'>ratione</span> <span class='ocrx_word' id='word_1_86' title='bbox 2284 1467 2318 1518; x_wconf 90' lang='lat'>5</span> 
     </span>
     <span class='ocr_line' id='line_1_13' title="bbox 591 1546 2322 1629; baseline 0.005 -25"><span class='ocrx_word' id='word_1_87' title='bbox 591 1546 672 1605; x_wconf 90' lang='lat' dir='ltr'>ad</span> <span class='ocrx_word' id='word_1_88' title='bbox 701 1554 771 1605; x_wconf 92' lang='lat'>4:</span> <span class='ocrx_word' id='word_1_89' title='bbox 802 1567 939 1605; x_wconf 89' lang='lat' dir='ltr'>oum</span> <span class='ocrx_word' id='word_1_90' title='bbox 961 1547 1326 1626; x_wconf 89' lang='lat' dir='ltr'>quadratum</span> <span class='ocrx_word' id='word_1_91' title='bbox 1356 1550 1431 1608; x_wconf 91' lang='lat' dir='ltr'>ab</span> <span class='ocrx_word' id='word_1_92' title='bbox 1462 1550 1565 1608; x_wconf 95' lang='lat' dir='ltr'>AZ</span> <span class='ocrx_word' id='word_1_93' title='bbox 1597 1550 1674 1609; x_wconf 90' lang='lat' dir='ltr'>ad</span> <span class='ocrx_word' id='word_1_94' title='bbox 1705 1550 2070 1629; x_wconf 89' lang='lat' dir='ltr'>quadratum</span> <span class='ocrx_word' id='word_1_95' title='bbox 2091 1552 2168 1611; x_wconf 93' lang='lat' dir='ltr'>ab</span> <span class='ocrx_word' id='word_1_96' title='bbox 2191 1552 2322 1625; x_wconf 90' lang='lat' dir='ltr'>AY,</span> 
     </span>
     <span class='ocr_line' id='line_1_14' title="bbox 591 1640 2315 1723; baseline 0.005 -25"><span class='ocrx_word' id='word_1_97' title='bbox 591 1640 655 1698; x_wconf 93' lang='lat' dir='ltr'>id</span> <span class='ocrx_word' id='word_1_98' title='bbox 686 1649 777 1700; x_wconf 90' lang='lat' dir='ltr'>est</span> <span class='ocrx_word' id='word_1_99' title='bbox 808 1641 1169 1718; x_wconf 89' lang='lat' dir='ltr'>quadratum</span> <span class='ocrx_word' id='word_1_100' title='bbox 1202 1644 1277 1702; x_wconf 89' lang='lat' dir='ltr'>ab</span> <span class='ocrx_word' id='word_1_101' title='bbox 1308 1643 1404 1702; x_wconf 79' lang='lat' dir='ltr'>An</span> <span class='ocrx_word' id='word_1_102' title='bbox 1433 1644 1511 1703; x_wconf 89' lang='lat' dir='ltr'>ad</span> <span class='ocrx_word' id='word_1_103' title='bbox 1543 1644 1908 1723; x_wconf 87' lang='lat' dir='ltr'>quadratum</span> <span class='ocrx_word' id='word_1_104' title='bbox 1937 1645 2052 1719; x_wconf 82' lang='lat' dir='ltr'>Ab,</span> <span class='ocrx_word' id='word_1_105' title='bbox 2084 1646 2164 1705; x_wconf 88' lang='lat' dir='ltr'>sit</span> <span class='ocrx_word' id='word_1_106' title='bbox 2190 1656 2258 1705; x_wconf 93' lang='lat' dir='ltr'>ut</span> <span class='ocrx_word' id='word_1_107' title='bbox 2280 1655 2315 1706; x_wconf 91' lang='lat'>4</span> 
     </span>
     <span class='ocr_line' id='line_1_15' title="bbox 589 1734 2319 1819; baseline 0.004 -26"><span class='ocrx_word' id='word_1_108' title='bbox 589 1734 669 1793; x_wconf 87' lang='lat' dir='ltr'>ad</span> <span class='ocrx_word' id='word_1_109' title='bbox 701 1742 757 1807; x_wconf 90' lang='lat'>5,</span> <span class='ocrx_word' id='word_1_110' title='bbox 788 1745 972 1815; x_wconf 87' lang='lat' dir='ltr'>atque</span> <span class='ocrx_word' id='word_1_111' title='bbox 1004 1737 1187 1796; x_wconf 88' lang='lat' dir='ltr'>etiam</span> <span class='ocrx_word' id='word_1_112' title='bbox 1217 1737 1580 1816; x_wconf 88' lang='lat' dir='ltr'>quadratum</span> <span class='ocrx_word' id='word_1_113' title='bbox 1609 1739 1684 1798; x_wconf 92' lang='lat' dir='ltr'>ab</span> <span class='ocrx_word' id='word_1_114' title='bbox 1716 1737 1809 1798; x_wconf 87' lang='lat' dir='ltr'>Ab</span> <span class='ocrx_word' id='word_1_115' title='bbox 1840 1740 1919 1799; x_wconf 89' lang='lat' dir='ltr'>sit</span> <span class='ocrx_word' id='word_1_116' title='bbox 1952 1740 2031 1799; x_wconf 92' lang='lat' dir='ltr'>ad</span> <span class='ocrx_word' id='word_1_117' title='bbox 2060 1741 2319 1819; x_wconf 88' lang='lat' dir='ltr'>quadra-</span> 
     </span>
     <span class='ocr_line' id='line_1_16' title="bbox 588 1829 2321 1913; baseline 0.004 -26"><span class='ocrx_word' id='word_1_118' title='bbox 588 1838 722 1888; x_wconf 87' lang='lat' dir='ltr'>tum</span> <span class='ocrx_word' id='word_1_119' title='bbox 751 1829 860 1888; x_wconf 94' lang='lat' dir='ltr'>AL</span> <span class='ocrx_word' id='word_1_120' title='bbox 888 1839 956 1890; x_wconf 89' lang='lat' dir='ltr'>ut</span> <span class='ocrx_word' id='word_1_121' title='bbox 986 1838 1021 1889; x_wconf 88' lang='lat'>4</span> <span class='ocrx_word' id='word_1_122' title='bbox 1055 1830 1134 1890; x_wconf 87' lang='lat' dir='ltr'>ad</span> <span class='ocrx_word' id='word_1_123' title='bbox 1166 1839 1222 1904; x_wconf 87' lang='lat'>5,</span> <span class='ocrx_word' id='word_1_124' title='bbox 1254 1832 1558 1911; x_wconf 89' lang='lat' dir='ltr'>quomodo</span> <span class='ocrx_word' id='word_1_125' title='bbox 1606 1833 1889 1911; x_wconf 81' lang='lat' dir='ltr'>ignorare</span> <span class='ocrx_word' id='word_1_126' title='bbox 1924 1834 2126 1912; x_wconf 87' lang='lat' dir='ltr'>potuit</span> <span class='ocrx_word' id='word_1_127' title='bbox 2172 1854 2321 1913; x_wconf 88' lang='lat' dir='ltr'>qua-</span> 
     </span>
     <span class='ocr_line' id='line_1_17' title="bbox 589 1921 2317 2003; baseline 0.004 -23"><span class='ocrx_word' id='word_1_128' title='bbox 589 1921 834 1981; x_wconf 91' lang='lat' dir='ltr'>dratum</span> <span class='ocrx_word' id='word_1_129' title='bbox 864 1924 940 1982; x_wconf 92' lang='lat' dir='ltr'>ab</span> <span class='ocrx_word' id='word_1_130' title='bbox 961 1923 1068 1983; x_wconf 94' lang='lat' dir='ltr'>AL</span> <span class='ocrx_word' id='word_1_131' title='bbox 1091 1924 1169 1983; x_wconf 89' lang='lat' dir='ltr'>ad</span> <span class='ocrx_word' id='word_1_132' title='bbox 1199 1924 1566 2003; x_wconf 90' lang='lat' dir='ltr'>quadratum</span> <span class='ocrx_word' id='word_1_133' title='bbox 1595 1927 1671 1985; x_wconf 90' lang='lat' dir='ltr'>ab</span> <span class='ocrx_word' id='word_1_134' title='bbox 1695 1926 1785 1984; x_wconf 83' lang='lat' dir='ltr'>Ae</span> <span class='ocrx_word' id='word_1_135' title='bbox 1815 1945 1946 1986; x_wconf 85' lang='lat' dir='ltr'>esse</span> <span class='ocrx_word' id='word_1_136' title='bbox 1972 1937 2041 1986; x_wconf 92' lang='lat' dir='ltr'>ut</span> <span class='ocrx_word' id='word_1_137' title='bbox 2071 1937 2106 1986; x_wconf 89' lang='lat'>4</span> <span class='ocrx_word' id='word_1_138' title='bbox 2139 1927 2218 1987; x_wconf 91' lang='lat' dir='ltr'>ad</span> <span class='ocrx_word' id='word_1_139' title='bbox 2248 1936 2317 1988; x_wconf 90' lang='lat'>5:</span> 
     </span>
     <span class='ocr_line' id='line_1_18' title="bbox 590 2017 2316 2095; baseline 0.005 -21"><span class='ocrx_word' id='word_1_140' title='bbox 590 2025 774 2094; x_wconf 86' lang='lat' dir='ltr'>atque</span> <span class='ocrx_word' id='word_1_141' title='bbox 813 2017 965 2077; x_wconf 89' lang='lat' dir='ltr'>adeo</span> <span class='ocrx_word' id='word_1_142' title='bbox 997 2038 1206 2077; x_wconf 88' lang='lat' dir='ltr'>omnes</span> <span class='ocrx_word' id='word_1_143' title='bbox 1245 2028 1444 2078; x_wconf 89' lang='lat' dir='ltr'>rectas</span> <span class='ocrx_word' id='word_1_144' title='bbox 1474 2019 1589 2092; x_wconf 82' lang='lat' dir='ltr'>An,</span> <span class='ocrx_word' id='word_1_145' title='bbox 1613 2018 1725 2092; x_wconf 79' lang='lat' dir='ltr'>Ab,</span> <span class='ocrx_word' id='word_1_146' title='bbox 1746 2018 1869 2095; x_wconf 88' lang='lat' dir='ltr'>AL,</span> <span class='ocrx_word' id='word_1_147' title='bbox 1897 2020 2005 2093; x_wconf 82' lang='lat' dir='ltr'>Ae,</span> <span class='ocrx_word' id='word_1_148' title='bbox 2029 2020 2166 2094; x_wconf 66' lang='lat' dir='ltr'>Aa,</span> <span class='ocrx_word' id='word_1_149' title='bbox 2185 2021 2316 2095; x_wconf 88' lang='lat' dir='ltr'>AG,</span> 
     </span>
     <span class='ocr_line' id='line_1_19' title="bbox 589 2112 2318 2192; baseline 0.003 -23"><span class='ocrx_word' id='word_1_150' title='bbox 589 2129 719 2170; x_wconf 89' lang='lat' dir='ltr'>esse</span> <span class='ocrx_word' id='word_1_151' title='bbox 750 2112 1037 2171; x_wconf 84' lang='lat' dir='ltr'>continue</span> <span class='ocrx_word' id='word_1_152' title='bbox 1065 2113 1573 2192; x_wconf 83' lang='lat' dir='ltr'>proportionaleS,</span> <span class='ocrx_word' id='word_1_153' title='bbox 1606 2114 1764 2173; x_wconf 89' lang='lat' dir='ltr'>sicut</span> <span class='ocrx_word' id='word_1_154' title='bbox 1790 2124 1853 2173; x_wconf 92' lang='lat' dir='ltr'>et</span> <span class='ocrx_word' id='word_1_155' title='bbox 1881 2122 2077 2174; x_wconf 85' lang='lat' dir='ltr'>rectas</span> <span class='ocrx_word' id='word_1_156' title='bbox 2108 2135 2318 2174; x_wconf 91' lang='lat' dir='ltr'>omnes</span> 
     </span>
     <span class='ocr_line' id='line_1_20' title="bbox 591 2204 2317 2281; baseline 0.002 -17"><span class='ocrx_word' id='word_1_157' title='bbox 591 2204 721 2276; x_wconf 85' lang='lat' dir='ltr'>CG,</span> <span class='ocrx_word' id='word_1_158' title='bbox 753 2205 888 2278; x_wconf 74' lang='lat' dir='ltr'>YQ,</span> <span class='ocrx_word' id='word_1_159' title='bbox 920 2206 1022 2279; x_wconf 82' lang='lat' dir='ltr'>Ze,</span> <span class='ocrx_word' id='word_1_160' title='bbox 1052 2207 1163 2279; x_wconf 84' lang='lat' dir='ltr'>lzL,</span> <span class='ocrx_word' id='word_1_161' title='bbox 1194 2206 1287 2280; x_wconf 83' lang='lat' dir='ltr'>eb,</span> <span class='ocrx_word' id='word_1_162' title='bbox 1319 2228 1435 2280; x_wconf 81' lang='lat' dir='ltr'>mn,</span> <span class='ocrx_word' id='word_1_163' title='bbox 1468 2205 1597 2279; x_wconf 81' lang='lat' dir='ltr'>AC,</span> <span class='ocrx_word' id='word_1_164' title='bbox 1629 2206 1764 2277; x_wconf 88' lang='lat' dir='ltr'>AY,</span> <span class='ocrx_word' id='word_1_165' title='bbox 1789 2206 1915 2280; x_wconf 92' lang='lat' dir='ltr'>AZ,</span> <span class='ocrx_word' id='word_1_166' title='bbox 1939 2207 2055 2281; x_wconf 74' lang='lat' dir='ltr'>Ah,</span> <span class='ocrx_word' id='word_1_167' title='bbox 2077 2208 2210 2279; x_wconf 85' lang='lat' dir='ltr'>Am,</span> <span class='ocrx_word' id='word_1_168' title='bbox 2256 2219 2317 2269; x_wconf 88' lang='lat' dir='ltr'>et</span> 
     </span>
     <span class='ocr_line' id='line_1_21' title="bbox 586 2299 2320 2380; baseline 0.003 -23"><span class='ocrx_word' id='word_1_169' title='bbox 586 2299 844 2376; x_wconf 89' lang='lat' dir='ltr'>proinde</span> <span class='ocrx_word' id='word_1_170' title='bbox 874 2319 1083 2359; x_wconf 88' lang='lat' dir='ltr'>omnes</span> <span class='ocrx_word' id='word_1_171' title='bbox 1105 2301 1374 2378; x_wconf 86' lang='lat' dir='ltr'>ipsarum</span> <span class='ocrx_word' id='word_1_172' title='bbox 1402 2320 1579 2360; x_wconf 90' lang='lat' dir='ltr'>arcus</span> <span class='ocrx_word' id='word_1_173' title='bbox 1610 2310 1918 2360; x_wconf 91' lang='lat' dir='ltr'>secaturos</span> <span class='ocrx_word' id='word_1_174' title='bbox 1943 2321 2151 2360; x_wconf 91' lang='lat' dir='ltr'>omnes</span> <span class='ocrx_word' id='word_1_175' title='bbox 2181 2322 2320 2380; x_wconf 90' lang='lat' dir='ltr'>par-</span> 
     </span>
     <span class='ocr_line' id='line_1_22' title="bbox 588 2391 2315 2472; baseline 0.002 -22"><span class='ocrx_word' id='word_1_176' title='bbox 588 2391 815 2464; x_wconf 80' lang='lat' dir='ltr'>allelaS,</span> <span class='ocrx_word' id='word_1_177' title='bbox 847 2392 1359 2470; x_wconf 88' lang='lat' dir='ltr'>quemadmodum</span> <span class='ocrx_word' id='word_1_178' title='bbox 1402 2413 1579 2452; x_wconf 87' lang='lat' dir='ltr'>arcus</span> <span class='ocrx_word' id='word_1_179' title='bbox 1612 2393 1711 2452; x_wconf 91' lang='lat' dir='ltr'>CL</span> <span class='ocrx_word' id='word_1_180' title='bbox 1753 2403 1920 2453; x_wconf 87' lang='lat' dir='ltr'>secat</span> <span class='ocrx_word' id='word_1_181' title='bbox 1963 2395 2315 2472; x_wconf 87' lang='lat' dir='ltr'>parallelam</span> 
     </span>
     <span class='ocr_line' id='line_1_23' title="bbox 586 2485 2312 2568; baseline 0.004 -25"><span class='ocrx_word' id='word_1_182' title='bbox 586 2485 702 2552; x_wconf 84' lang='lat' dir='ltr'>YQ</span> <span class='ocrx_word' id='word_1_183' title='bbox 731 2486 794 2544; x_wconf 92' lang='lat' dir='ltr'>in</span> <span class='ocrx_word' id='word_1_184' title='bbox 825 2495 992 2545; x_wconf 92' lang='lat' dir='ltr'>recta</span> <span class='ocrx_word' id='word_1_185' title='bbox 1021 2486 1133 2546; x_wconf 88' lang='lat' dir='ltr'>AO</span> <span class='ocrx_word' id='word_1_186' title='bbox 1163 2486 1242 2545; x_wconf 87' lang='lat' dir='ltr'>ad</span> <span class='ocrx_word' id='word_1_187' title='bbox 1271 2487 1335 2557; x_wconf 89' lang='grc' dir='ltr'>Ρ,</span> <span class='ocrx_word' id='word_1_188' title='bbox 1365 2486 1460 2545; x_wconf 89' lang='lat' dir='ltr'>vel</span> <span class='ocrx_word' id='word_1_189' title='bbox 1490 2495 1560 2545; x_wconf 92' lang='lat' dir='ltr'>ut</span> <span class='ocrx_word' id='word_1_190' title='bbox 1599 2506 1775 2545; x_wconf 89' lang='lat' dir='ltr'>arcus</span> <span class='ocrx_word' id='word_1_191' title='bbox 1805 2486 1898 2546; x_wconf 86' lang='lat' dir='ltr'>Yb</span> <span class='ocrx_word' id='word_1_192' title='bbox 1928 2496 2093 2548; x_wconf 86' lang='lat' dir='ltr'>secat</span> <span class='ocrx_word' id='word_1_193' title='bbox 2121 2491 2312 2568; x_wconf 91' lang='lat' dir='ltr'>paral-</span> 
     </span>
     <span class='ocr_line' id='line_1_24' title="bbox 585 2578 1376 2639; baseline 0.001 -1"><span class='ocrx_word' id='word_1_194' title='bbox 585 2578 766 2638; x_wconf 90' lang='lat' dir='ltr'>lelam</span> <span class='ocrx_word' id='word_1_195' title='bbox 798 2580 901 2639; x_wconf 92' lang='lat' dir='ltr'>CL</span> <span class='ocrx_word' id='word_1_196' title='bbox 930 2580 994 2638; x_wconf 91' lang='lat' dir='ltr'>in</span> <span class='ocrx_word' id='word_1_197' title='bbox 1024 2580 1136 2638; x_wconf 89' lang='lat' dir='ltr'>AO</span> <span class='ocrx_word' id='word_1_198' title='bbox 1169 2580 1247 2639; x_wconf 94' lang='lat' dir='ltr'>ad</span> <span class='ocrx_word' id='word_1_199' title='bbox 1279 2580 1324 2639; x_wconf 88' lang='lat' dir='ltr'>d</span> <span class='ocrx_word' id='word_1_200' title='bbox 1342 2583 1376 2639; x_wconf 66' lang='lat'><strong><em>2</em></strong></span> 
     </span>
    </p>

    <p class='ocr_par' dir='ltr' id='par_1_5' title="bbox 579 2673 2315 3414">
     <span class='ocr_line' id='line_1_25' title="bbox 670 2673 2315 2755; baseline 0.002 -22"><span class='ocrx_word' id='word_1_201' title='bbox 670 2674 991 2747; x_wconf 80' lang='lat' dir='ltr'>Praeterea,</span> <span class='ocrx_word' id='word_1_202' title='bbox 1023 2674 1328 2753; x_wconf 91' lang='lat' dir='ltr'>quomodo</span> <span class='ocrx_word' id='word_1_203' title='bbox 1352 2673 1559 2733; x_wconf 85' lang='lat' dir='ltr'>videre</span> <span class='ocrx_word' id='word_1_204' title='bbox 1589 2694 1712 2734; x_wconf 91' lang='lat' dir='ltr'>non</span> <span class='ocrx_word' id='word_1_205' title='bbox 1742 2674 1945 2753; x_wconf 87' lang='lat' dir='ltr'>potuit</span> <span class='ocrx_word' id='word_1_206' title='bbox 1967 2675 2129 2755; x_wconf 89' lang='lat' dir='ltr'>quod</span> <span class='ocrx_word' id='word_1_207' title='bbox 2157 2677 2315 2738; x_wconf 85' lang='lat' dir='ltr'>sicut</span> 
     </span>
     <span class='ocr_line' id='line_1_26' title="bbox 585 2767 2315 2851; baseline 0.003 -24"><span class='ocrx_word' id='word_1_208' title='bbox 585 2768 706 2828; x_wconf 66' lang='grc' dir='ltr'>ΑΘ,</span> <span class='ocrx_word' id='word_1_209' title='bbox 737 2767 922 2847; x_wconf 91' lang='lat' dir='ltr'>dupla</span> <span class='ocrx_word' id='word_1_210' title='bbox 952 2779 1043 2828; x_wconf 89' lang='lat' dir='ltr'>est</span> <span class='ocrx_word' id='word_1_211' title='bbox 1074 2768 1163 2841; x_wconf 83' lang='lat' dir='ltr'>eb,</span> <span class='ocrx_word' id='word_1_212' title='bbox 1194 2769 1281 2828; x_wconf 87' lang='lat' dir='ltr'>ita</span> <span class='ocrx_word' id='word_1_213' title='bbox 1310 2769 1400 2828; x_wconf 84' lang='lat' dir='ltr'>Ac</span> <span class='ocrx_word' id='word_1_214' title='bbox 1431 2768 1615 2847; x_wconf 88' lang='lat' dir='ltr'>dupla</span> <span class='ocrx_word' id='word_1_215' title='bbox 1645 2769 1724 2828; x_wconf 87' lang='lat' dir='ltr'>sit</span> <span class='ocrx_word' id='word_1_216' title='bbox 1753 2790 1867 2842; x_wconf 77' lang='lat' dir='ltr'>mn,</span> <span class='ocrx_word' id='word_1_217' title='bbox 1900 2779 1963 2828; x_wconf 92' lang='lat' dir='ltr'>et</span> <span class='ocrx_word' id='word_1_218' title='bbox 1991 2771 2099 2830; x_wconf 93' lang='lat' dir='ltr'>AL</span> <span class='ocrx_word' id='word_1_219' title='bbox 2131 2770 2315 2851; x_wconf 90' lang='lat' dir='ltr'>dupla</span> 
     </span>
     <span class='ocr_line' id='line_1_27' title="bbox 584 2863 2311 2944; baseline 0.003 -21"><span class='ocrx_word' id='word_1_220' title='bbox 584 2863 668 2938; x_wconf 74' lang='lat' dir='ltr'>kl,</span> <span class='ocrx_word' id='word_1_221' title='bbox 700 2874 763 2923; x_wconf 91' lang='lat' dir='ltr'>et</span> <span class='ocrx_word' id='word_1_222' title='bbox 791 2865 1048 2943; x_wconf 89' lang='lat' dir='ltr'>proinde</span> <span class='ocrx_word' id='word_1_223' title='bbox 1080 2874 1312 2944; x_wconf 87' lang='lat' dir='ltr'>septem</span> <span class='ocrx_word' id='word_1_224' title='bbox 1353 2874 1553 2925; x_wconf 90' lang='lat' dir='ltr'>rectas</span> <span class='ocrx_word' id='word_1_225' title='bbox 1583 2866 1714 2940; x_wconf 86' lang='lat' dir='ltr'>AC,</span> <span class='ocrx_word' id='word_1_226' title='bbox 1745 2866 1876 2938; x_wconf 92' lang='lat' dir='ltr'>AY,</span> <span class='ocrx_word' id='word_1_227' title='bbox 1905 2867 2029 2942; x_wconf 93' lang='lat' dir='ltr'>AZ,</span> <span class='ocrx_word' id='word_1_228' title='bbox 2059 2868 2175 2941; x_wconf 78' lang='lat' dir='ltr'>Ah,</span> <span class='ocrx_word' id='word_1_229' title='bbox 2200 2870 2311 2943; x_wconf 85' lang='lat' dir='ltr'>Ae,</span> 
     </span>
     <span class='ocr_line' id='line_1_28' title="bbox 581 2958 2314 3038; baseline 0.004 -21"><span class='ocrx_word' id='word_1_230' title='bbox 581 2958 698 3017; x_wconf 87' lang='lat' dir='ltr'>Am</span> <span class='ocrx_word' id='word_1_231' title='bbox 741 2977 873 3017; x_wconf 89' lang='lat' dir='ltr'>esse</span> <span class='ocrx_word' id='word_1_232' title='bbox 918 2959 1206 3019; x_wconf 83' lang='lat' dir='ltr'>continue</span> <span class='ocrx_word' id='word_1_233' title='bbox 1248 2960 1755 3038; x_wconf 82' lang='lat' dir='ltr'>proportionaleS,</span> <span class='ocrx_word' id='word_1_234' title='bbox 1787 2970 1850 3020; x_wconf 89' lang='lat' dir='ltr'>et</span> <span class='ocrx_word' id='word_1_235' title='bbox 1889 2961 2037 3022; x_wconf 91' lang='lat' dir='ltr'>duas</span> <span class='ocrx_word' id='word_1_236' title='bbox 2067 2962 2190 3038; x_wconf 90' lang='lat' dir='ltr'>AZ,</span> <span class='ocrx_word' id='word_1_237' title='bbox 2220 2964 2314 3024; x_wconf 81' lang='lat' dir='ltr'>Ae</span> 
     </span>
     <span class='ocr_line' id='line_1_29' title="bbox 582 3052 2310 3135; baseline 0.003 -24"><span class='ocrx_word' id='word_1_238' title='bbox 582 3071 712 3111; x_wconf 88' lang='lat' dir='ltr'>esse</span> <span class='ocrx_word' id='word_1_239' title='bbox 741 3052 970 3112; x_wconf 91' lang='lat' dir='ltr'>medias</span> <span class='ocrx_word' id='word_1_240' title='bbox 1013 3054 1174 3113; x_wconf 88' lang='lat' dir='ltr'>inter</span> <span class='ocrx_word' id='word_1_241' title='bbox 1204 3063 1400 3114; x_wconf 89' lang='lat' dir='ltr'>totam</span> <span class='ocrx_word' id='word_1_242' title='bbox 1430 3053 1537 3112; x_wconf 90' lang='lat' dir='ltr'>AC</span> <span class='ocrx_word' id='word_1_243' title='bbox 1572 3063 1634 3113; x_wconf 88' lang='lat' dir='ltr'>et</span> <span class='ocrx_word' id='word_1_244' title='bbox 1664 3055 1975 3114; x_wconf 88' lang='lat' dir='ltr'>semissem</span> <span class='ocrx_word' id='word_1_245' title='bbox 2005 3057 2133 3135; x_wconf 89' lang='lat' dir='ltr'>ejus</span> <span class='ocrx_word' id='word_1_246' title='bbox 2164 3056 2265 3116; x_wconf 78' lang='lat' dir='ltr'>Ak</span> <span class='ocrx_word' id='word_1_247' title='bbox 2289 3057 2310 3116; x_wconf 76' lang='grc' dir='ltr'><strong><em>ἓ</em></strong></span> 
     </span>
     <span class='ocr_line' id='line_1_30' title="bbox 582 3146 2313 3230; baseline 0.003 -25"><span class='ocrx_word' id='word_1_248' title='bbox 582 3146 910 3206; x_wconf 91' lang='lat' dir='ltr'>Probatum</span> <span class='ocrx_word' id='word_1_249' title='bbox 942 3166 1087 3225; x_wconf 87' lang='lat' dir='ltr'>ergo</span> <span class='ocrx_word' id='word_1_250' title='bbox 1120 3157 1213 3206; x_wconf 86' lang='lat' dir='ltr'>est</span> <span class='ocrx_word' id='word_1_251' title='bbox 1243 3148 1359 3207; x_wconf 94' lang='lat' dir='ltr'>hoc</span> <span class='ocrx_word' id='word_1_252' title='bbox 1390 3146 1526 3206; x_wconf 89' lang='lat' dir='ltr'>loco</span> <span class='ocrx_word' id='word_1_253' title='bbox 1559 3148 1780 3206; x_wconf 90' lang='lat' dir='ltr'>cubum</span> <span class='ocrx_word' id='word_1_254' title='bbox 1809 3149 1886 3208; x_wconf 87' lang='lat' dir='ltr'>ab</span> <span class='ocrx_word' id='word_1_255' title='bbox 1916 3147 2025 3210; x_wconf 84' lang='lat' dir='ltr'>AC</span> <span class='ocrx_word' id='word_1_256' title='bbox 2060 3150 2313 3230; x_wconf 91' lang='lat' dir='ltr'>duplum</span> 
     </span>
     <span class='ocr_line' id='line_1_31' title="bbox 580 3241 2311 3321; baseline 0.002 -21"><span class='ocrx_word' id='word_1_257' title='bbox 580 3260 713 3300; x_wconf 89' lang='lat' dir='ltr'>esse</span> <span class='ocrx_word' id='word_1_258' title='bbox 744 3241 884 3300; x_wconf 91' lang='lat' dir='ltr'>cubi</span> <span class='ocrx_word' id='word_1_259' title='bbox 905 3242 980 3300; x_wconf 92' lang='lat' dir='ltr'>ab</span> <span class='ocrx_word' id='word_1_260' title='bbox 1003 3241 1127 3314; x_wconf 89' lang='lat' dir='ltr'>AZ,</span> <span class='ocrx_word' id='word_1_261' title='bbox 1154 3251 1215 3301; x_wconf 89' lang='lat' dir='ltr'>et</span> <span class='ocrx_word' id='word_1_262' title='bbox 1239 3243 1461 3301; x_wconf 90' lang='lat' dir='ltr'>cubum</span> <span class='ocrx_word' id='word_1_263' title='bbox 1485 3241 1561 3300; x_wconf 88' lang='lat' dir='ltr'>ab</span> <span class='ocrx_word' id='word_1_264' title='bbox 1594 3242 1698 3300; x_wconf 94' lang='lat' dir='ltr'>AZ</span> <span class='ocrx_word' id='word_1_265' title='bbox 1729 3242 1981 3321; x_wconf 89' lang='lat' dir='ltr'>duplum</span> <span class='ocrx_word' id='word_1_266' title='bbox 2011 3262 2142 3304; x_wconf 89' lang='lat' dir='ltr'>esse</span> <span class='ocrx_word' id='word_1_267' title='bbox 2171 3245 2311 3304; x_wconf 91' lang='lat' dir='ltr'>cubi</span> 
     </span>
     <span class='ocr_line' id='line_1_32' title="bbox 579 3334 2208 3414; baseline 0.002 -19"><span class='ocrx_word' id='word_1_268' title='bbox 579 3335 658 3395; x_wconf 89' lang='lat' dir='ltr'>ab</span> <span class='ocrx_word' id='word_1_269' title='bbox 687 3334 776 3408; x_wconf 82' lang='lat' dir='ltr'>eb,</span> <span class='ocrx_word' id='word_1_270' title='bbox 809 3345 872 3396; x_wconf 92' lang='lat' dir='ltr'>et</span> <span class='ocrx_word' id='word_1_271' title='bbox 901 3337 1123 3395; x_wconf 92' lang='lat' dir='ltr'>cubum</span> <span class='ocrx_word' id='word_1_272' title='bbox 1153 3337 1229 3395; x_wconf 88' lang='lat' dir='ltr'>ab</span> <span class='ocrx_word' id='word_1_273' title='bbox 1260 3336 1333 3395; x_wconf 84' lang='lat' dir='ltr'>eb</span> <span class='ocrx_word' id='word_1_274' title='bbox 1365 3336 1617 3414; x_wconf 90' lang='lat' dir='ltr'>duplum</span> <span class='ocrx_word' id='word_1_275' title='bbox 1649 3355 1780 3396; x_wconf 88' lang='lat' dir='ltr'>esse</span> <span class='ocrx_word' id='word_1_276' title='bbox 1812 3337 1952 3396; x_wconf 91' lang='lat' dir='ltr'>cubi</span> <span class='ocrx_word' id='word_1_277' title='bbox 1981 3338 2058 3397; x_wconf 87' lang='lat' dir='ltr'>ab</span> <span class='ocrx_word' id='word_1_278' title='bbox 2087 3336 2208 3399; x_wconf 75' lang='lat' dir='ltr'>Alc.</span> 
     </span>
    </p>

    <p class='ocr_par' dir='ltr' id='par_1_6' title="bbox 578 3430 2308 3698">
     <span class='ocr_line' id='line_1_33' title="bbox 664 3430 2308 3511; baseline 0.001 -21"><span class='ocrx_word' id='word_1_279' title='bbox 664 3431 879 3509; x_wconf 88' lang='lat' dir='ltr'>Itaque</span> <span class='ocrx_word' id='word_1_280' title='bbox 896 3430 1334 3509; x_wconf 89' lang='lat' dir='ltr'>perfectissime</span> <span class='ocrx_word' id='word_1_281' title='bbox 1355 3430 1838 3490; x_wconf 88' lang='lat' dir='ltr'>demonstratum</span> <span class='ocrx_word' id='word_1_282' title='bbox 1859 3440 1953 3491; x_wconf 91' lang='lat' dir='ltr'>est</span> <span class='ocrx_word' id='word_1_283' title='bbox 1977 3452 2054 3492; x_wconf 87' lang='lat' dir='ltr'>ex</span> <span class='ocrx_word' id='word_1_284' title='bbox 2076 3432 2149 3491; x_wconf 90' lang='lat' dir='ltr'>iis</span> <span class='ocrx_word' id='word_1_285' title='bbox 2174 3453 2308 3511; x_wconf 88' lang='lat' dir='ltr'>quae</span> 
     </span>
     <span class='ocr_line' id='line_1_34' title="bbox 578 3524 2307 3604; baseline 0.002 -20"><span class='ocrx_word' id='word_1_286' title='bbox 578 3524 680 3584; x_wconf 92' lang='lat' dir='ltr'>ille</span> <span class='ocrx_word' id='word_1_287' title='bbox 705 3525 1006 3585; x_wconf 89' lang='lat' dir='ltr'>concessit</span> <span class='ocrx_word' id='word_1_288' title='bbox 1027 3533 1088 3585; x_wconf 90' lang='lat' dir='ltr'>et</span> <span class='ocrx_word' id='word_1_289' title='bbox 1118 3545 1327 3584; x_wconf 88' lang='lat' dir='ltr'>omnes</span> <span class='ocrx_word' id='word_1_290' title='bbox 1357 3525 1557 3584; x_wconf 87' lang='lat' dir='ltr'>sciunt</span> <span class='ocrx_word' id='word_1_291' title='bbox 1578 3544 1723 3583; x_wconf 88' lang='lat' dir='ltr'>vera</span> <span class='ocrx_word' id='word_1_292' title='bbox 1745 3545 1894 3598; x_wconf 87' lang='lat' dir='ltr'>esse,</span> <span class='ocrx_word' id='word_1_293' title='bbox 1918 3525 1981 3586; x_wconf 93' lang='lat' dir='ltr'>id</span> <span class='ocrx_word' id='word_1_294' title='bbox 2011 3526 2174 3604; x_wconf 92' lang='lat' dir='ltr'>quod</span> <span class='ocrx_word' id='word_1_295' title='bbox 2204 3526 2307 3586; x_wconf 84' lang='lat' dir='ltr'>de-</span> 
     </span>
     <span class='ocr_line' id='line_1_35' title="bbox 579 3618 1808 3698; baseline -0.001 -20"><span class='ocrx_word' id='word_1_296' title='bbox 579 3629 918 3680; x_wconf 87' lang='lat' dir='ltr'>monstrare</span> <span class='ocrx_word' id='word_1_297' title='bbox 948 3619 1023 3680; x_wconf 88' lang='lat' dir='ltr'>ab</span> <span class='ocrx_word' id='word_1_298' title='bbox 1055 3618 1228 3680; x_wconf 87' lang='lat' dir='ltr'>initio</span> <span class='ocrx_word' id='word_1_299' title='bbox 1251 3619 1630 3698; x_wconf 88' lang='lat' dir='ltr'>propositum</span> <span class='ocrx_word' id='word_1_300' title='bbox 1660 3629 1808 3679; x_wconf 89' lang='lat' dir='ltr'>erat.</span> 
     </span>
    </p>
   </div>
  </div>
 </body>
</html>
