2462 4120
746 371 1169 414 DUPLICATIo
1206 371 1388 415 cnm.
1819 361 1933 415 505

200 508 270 566 in
316 527 375 587 q,
408 506 523 566 erit
577 505 666 585 Bq
715 506 965 585 aequalis
1004 507 1136 573 Ae;
1181 515 1241 564 et
1286 506 1382 585 qb,
1413 507 1506 586 qG
1546 508 1835 587 aequales:
1880 516 1940 566 et

208 621 346 660 cum
372 601 650 674 BG÷Ga‚
691 600 796 661 BG
826 600 952 660 sive
986 599 1240 680 Bq÷qb,
1273 610 1334 659 et
1361 602 1491 679 ipsa
1522 601 1614 681 Rq
1645 603 1767 661 sint
1797 621 1941 660 con-

203 696 376 755 tinue
425 694 932 773 proportionales,
974 694 1092 752 erit
1132 703 1201 752 ut
1242 693 1334 773 Bq
1364 694 1440 753 ad
1473 694 1546 773 qb
1586 696 1674 754 ita
1717 696 1819 756 CG
1864 694 1943 754 ad

196 789 322 850 Ga.
408 789 613 849 Ducta
643 808 789 868 ergo
821 788 913 848 Bb
942 786 1173 847 incidet
1202 787 1265 845 in
1295 799 1591 866 punctum
1621 810 1679 849 a.

913 1021 1243 1029 ——..-—.-—-.-—-

696 1196 1198 1259 DUPLICATIO
1233 1196 1448 1256 CUBI.

751 1467 976 1510 PROPO
987 1466 1116 1508 SIT]
1130 1466 1169 1508 O
1202 1466 1325 1508 XII.

290 1577 493 1638 Latus
516 1574 652 1637 cubi
679 1575 943 1656 sphoeroe
964 1573 1438 1655 circumscripti,
1464 1572 1736 1634 additum
1761 1572 1950 1634 lateri

198 1672 346 1734 'cubi
369 1673 432 1732 in
454 1672 670 1732 eadem
700 1671 953 1752 Sphcera
984 1669 1290 1749 inseripti,
1315 1677 1546 1728 rectam
1576 1670 1949 1729 constituunt·

209 1767 510 1848 oequalem
531 1766 1023 1846 semiperimetro
1053 1764 1305 1823 maximi
1334 1764 1396 1823 in
1426 1764 1680 1844 sphoera
1707 1763 1947 1823 circuli.

198 1863 200 1866 ’
294 1863 498 1922 Cubus
548 1862 711 1921 enim
763 1861 1018 1940 sphaerae
1072 1859 1565 1937 circumscriptus
1608 1860 1794 1918 habet
1836 1878 1948 1936 pro

198 1950 400 2017 ‘latere
467 1954 594 2018 BG.
727 1956 837 2015 Est
903 1965 1108 2014 autem
1176 1951 1286 2015 BG
1343 1953 1591 2032 aequalis
1649 1954 1947 2012 diametro

211 2053 470 2132 sphaerae
501 2052 658 2110 cubo
689 2050 1018 2129 inscriptae,
1044 2049 1216 2127 cujus
1245 2049 1405 2107 latus
1437 2056 1527 2106 est
1556 2047 1687 2125 ipsa
1715 2044 1843 2107 BG.

296 2146 681 2213 Quadratum
723 2156 927 2205 autem
959 2164 995 2204 a
1024 2141 1134 2205 BG
1175 2142 1426 2221 triplum
1467 2150 1559 2201 est
1591 2140 1872 2220 quadrati
1914 2158 1952 2199 a

205 2234 325 2302 Ga.
414 2241 603 2301 Latus
633 2260 779 2318 ergo
809 2240 951 2299 cubi
974 2239 1229 2318 sphaerae
1253 2235 1532 2315 inscripti
1561 2244 1650 2294 est
1674 2235 1805 2313 ipsa
1835 2234 1949 2294 Ga.

200 2331 205 2337 ¹
297 2335 420 2396 Sed
457 2346 788 2415 utrumque
829 2334 1027 2408 simul,
1059 2334 1219 2393 latus
1249 2333 1390 2392 cubi
1419 2330 1860 2408 circumscripti
1889 2338 1952 2387 et

210 2431 510 2510 inscripti,
548 2450 767 2510 nempe
807 2427 918 2491 BG
959 2438 1022 2488 et
1068 2429 1183 2501 Ga,
1216 2437 1463 2487 ostensa
1508 2434 1651 2485 sunt
1696 2423 1953 2502 aequalia

202 2517 398 2586 rectae
428 2525 524 2598 Gi,
556 2546 692 2604 quae
723 2535 894 2584 recta
923 2533 1171 2583 ostensa
1201 2533 1295 2581 est
1324 2520 1573 2600 aequalis
1617 2519 1786 2578 arcui
1825 2515 1948 2577 BG.

211 2622 413 2681 Arcus
445 2631 652 2680 autem
678 2619 782 2679 BC
805 2618 1054 2698 aequalis
1085 2625 1178 2676 est
1200 2615 1680 2695 semiperimetro
1701 2611 1951 2671 maximi

213 2715 428 2775 circuli
450 2714 732 2794 inscripti
761 2715 918 2773 cubo
950 2713 1124 2792 cujus
1155 2713 1314 2771 latus
1345 2719 1437 2770 θεῖ
1470 2709 1594 2768 BG.

296 2810 491 2869 Recta
520 2811 627 2882 As,
659 2829 794 2887 quae
826 2808 1048 2868 transit
1086 2827 1197 2887 per
1237 2804 1733 2866 intersectionem
1772 2820 1949 2861 arcus

213 2904 316 2964 CL
350 2916 412 2963 et
451 2914 635 2963 rectae
666 2904 766 2975 Ze,
801 2902 1022 2962 transit
1065 2922 1174 2981 per
1217 2911 1470 2960 caeteras
1514 2917 1723 2958 omnes
1765 2897 1948 2954 inter-

213 3000 514 3058 sectiones
545 3018 795 3057 arcuum
828 3006 890 3057 et
932 3006 1239 3056 rectarum
1282 2995 1546 3054 similes*
1591 3002 1652 3051 et
1698 2992 1857 3049 inter
1886 3009 1949 3047 se

214 3093 558 3172 aequalium.
650 3092 984 3151 Ostensum
1014 3091 1176 3150 enim
1207 3100 1316 3163 θεῖ,
1342 3088 1602 3167 aequales
1633 3105 1760 3144 esse
1791 3083 1950 3141 inter

214 3207 278 3248 se
307 3207 517 3248 arcum
542 3187 643 3246 CL
673 3196 735 3246 et
765 3197 1001 3245 rectam
1033 3186 1136 3245 Ze.

207 3299 213 3303 “
297 3282 697 3342 Manifestum
736 3281 884 3339 item
926 3291 1019 3339 est
1060 3280 1283 3338 cubum
1314 3297 1350 3336 a
1383 3275 1490 3335 CG
1521 3272 1769 3349 duplum
1816 3289 1946 3328 esse

216 3376 356 3436 cubi
385 3396 423 3435 a
443 3376 526 3434 Ze
551 3402 565 3444 ;
598 3385 661 3435 et
691 3375 917 3434 cubum
948 3395 984 3433 a
1015 3373 1097 3432 Ze
1128 3371 1379 3450 duplum
1411 3389 1539 3429 esse
1571 3367 1708 3426 cubi
1738 3366 1812 3423 ab
1844 3363 1946 3433 eb;

216 3482 279 3530 et
302 3471 523 3530 cubum
554 3471 629 3529 ab
661 3468 732 3528 eb
763 3468 1016 3547 duplum
1049 3486 1178 3526 esse
1204 3465 1344 3524 cubi
1374 3485 1410 3523 a
1440 3462 1520 3535 kl,
1547 3461 1669 3519 sive
1701 3458 1812 3517 Ale.

869 3646 894 3676 *
926 3643 1005 3692 Sic
1030 3643 1143 3690 edit.
1178 3643 1317 3688 1669.

2005 533 2142 565 PROP.
2170 533 2239 565 XI.

2006 589 2241 618 s--r-—ae
