2462 4120
332 519 444 553 CAP.
471 521 539 554 VI.

326 577 563 604 κ--Ὗ-ῄθ

281 625 338 660 De
349 625 485 671 pluvia,
497 630 615 670 vento,

280 680 432 725 aliisque
456 681 540 716 eoeli
556 694 616 717 va-

281 734 480 770 rietatibus.

636 348 754 401 346
1100 362 1561 404 PROBLEMATA
1593 363 1910 406 PHYSICA.

633 499 698 558 id
728 508 838 572 est,
868 500 919 559 si
949 502 1205 580 angulus
1246 503 1423 562 ECA
1451 504 1626 563 valde
1668 505 1922 583 exiguus
1974 512 2152 575 esset,
2188 503 2358 563 navis

637 594 818 653 credo
849 595 1080 655 tardius
1111 597 1227 656 iret
1255 597 1319 655 in
1349 597 1512 657 linea
1543 599 1679 670 CA,
1712 620 1893 678 quam
1924 598 2275 657 lateraliter.

717 688 798 747 B.
843 689 1099 749 Tardius
1147 700 1309 749 certe
1361 700 1534 751 tanto
1582 692 1718 764 iret,
1765 714 1883 772 quo
1931 703 2147 751 ventus
2199 701 2361 751 esset

634 782 827 860 magis
858 784 1196 843 contrarius
1225 808 1237 843 :
1284 785 1390 844 sed
1419 786 1588 844 navis
1627 787 1958 846 lateraliter
1988 785 2220 845 tardius
2248 785 2361 844 ibit

632 895 814 955 quam
866 878 1083 936 crediS.
1172 879 1328 938 Nam
1378 889 1580 939 motus
1621 881 1700 939 ad
1741 882 1933 940 latera
1977 881 2113 940 duae
2161 901 2360 939 causae

632 980 813 1029 sunt:
860 991 1117 1049 quarum
1169 973 1360 1032 altera
1404 983 1495 1032 est
1524 983 1742 1032 ventus
1771 974 1872 1032 ille
1904 974 2007 1052 qui
2037 974 2254 1034 incidit
2295 975 2359 1033 in

629 1064 828 1141 ipsum
874 1065 1032 1124 latus
1079 1065 1284 1134 navis3
1332 1067 1526 1125 altera
1554 1075 1647 1125 est
1674 1066 1792 1125 veli
1821 1067 2105 1126 sinuatio,
2193 1068 2360 1128 Qua-

629 1177 766 1216 rum
796 1179 1116 1218 causarum
1144 1159 1341 1237 prima
1378 1160 1531 1218 nihil
1559 1160 1686 1219 fere
1718 1161 1918 1232 efficit,
1951 1161 2092 1238 quia
2119 1162 2360 1239 pondus

630 1272 803 1330 aquae
832 1253 996 1331 quod
1027 1273 1063 1311 a
1091 1253 1282 1311 latere
1324 1253 1496 1311 navis
1535 1254 1999 1332 propellendum
2028 1263 2140 1327 est,
2169 1255 2361 1315 maxi-

628 1366 796 1404 mum
838 1356 959 1405 est:
1006 1346 1273 1404 secunda
1319 1356 1553 1406 motum
1596 1349 1767 1406 navis
1806 1348 1870 1406 in
1914 1348 2220 1407 anteriora
2251 1348 2360 1408 ali-

629 1449 925 1518 quantum
954 1440 1228 1518 impedit.

710 1534 790 1592 A.
841 1534 1024 1594 Quod
1075 1533 1247 1592 navis
1295 1544 1496 1591 motus
1543 1533 1827 1608 lateraliS,
1872 1535 1990 1594 nisi
2031 1535 2096 1594 in
2131 1535 2359 1614 longis-

628 1628 779 1686 sima
836 1628 1244 1706 navigatione,
1304 1647 1428 1686 non
1495 1628 1756 1687 multum
1825 1629 2118 1707 impediat
2180 1629 2359 1689 facile

627 1722 937 1781 concedo:
983 1722 1091 1781 sed
1125 1723 1243 1782 veli
1293 1722 1699 1782 sinuationem
1752 1724 2094 1783 accelerare
2141 1744 2357 1783 navem

627 1817 875 1889 credidi,
907 1818 1109 1896 potius
1141 1837 1322 1896 quam
1351 1817 1667 1895 impedire.

707 1910 788 1969 B.
834 1912 1021 1971 Error
1043 1921 1154 1970 est.
1218 1911 1378 1970 Nam
1398 1911 1686 1990 impedit:
1718 1912 1917 1971 minus
1938 1922 2143 1971 tamen
2168 1931 2359 1989 quan-

626 2004 704 2064 do
734 2016 952 2064 ventus
983 2026 1019 2064 a
1049 2025 1251 2083 puppe
1283 2005 1490 2082 spirat.

708 2101 788 2160 A.
831 2101 1090 2159 Videtur
1115 2120 1282 2178 ergO,
1305 2100 1356 2158 si
1386 2100 1595 2158 tabula
1625 2100 1826 2178 aliqua
1855 2100 1997 2172 lata,
2023 2098 2358 2176 eademque

623 2195 843 2268 tenuis,
874 2215 986 2273 pro
1015 2195 1150 2254 velo
1181 2204 1365 2254 vento
1397 2195 1856 2266 obtenderetur,
1883 2192 2358 2253 commodiorem

623 2287 784 2346 fore:
830 2290 972 2366 quia
1000 2289 1199 2347 minus
1229 2289 1506 2347 sinuatur
1537 2308 1718 2366 quam
1748 2288 1951 2346 velum
1981 2307 2056 2345 ex
2083 2287 2231 2346 lino,

711 2382 790 2441 B.
836 2383 987 2441 Vela
1026 2383 1228 2460 lignea
1263 2391 1412 2459 quot
1447 2381 1835 2440 incommoda
1864 2401 2071 2440 secum
2100 2380 2359 2439 allatura

625 2486 789 2549 sunt,
829 2476 1006 2535 facile
1056 2476 1375 2554 providere
1421 2475 1582 2547 licet,
1629 2476 1813 2534 etiam
1855 2476 2080 2553 absque
2121 2472 2359 2551 experi-

624 2571 807 2630 entia.
893 2571 1230 2648 Expertum
1280 2580 1484 2628 tamen
1527 2569 1652 2628 vidi
1699 2569 1763 2628 in
1793 2569 1928 2628 velo
1963 2569 2167 2647 ligneo
2209 2565 2356 2645 quid

624 2666 861 2724 efficere
891 2674 1110 2723 ventus
1139 2674 1363 2743 potest.
1425 2664 1568 2722 Vidi
1599 2664 1762 2722 enim
1791 2663 2060 2722 tabulam
2090 2663 2356 2740 ligneam

624 2769 885 2837 quatuor
919 2759 1232 2818 trochiscis
1260 2758 1624 2836 impositam,
1658 2767 1720 2816 et
1749 2758 1812 2815 in
1853 2756 2054 2815 medio
2085 2757 2213 2834 ejus
2242 2775 2355 2833 pro

624 2854 782 2912 malo
834 2862 1102 2912 erectum
1144 2853 1448 2924 baculum,
1498 2863 1559 2910 et
1605 2852 1822 2910 baculo
1882 2852 2125 2910 affixam
2174 2849 2357 2909 aliam

622 2948 892 3006 tabulam
938 2947 1129 3005 instar
1158 2947 1316 3014 veli;
1363 2956 1544 3024 atque
1581 2947 1670 3005 ita
1709 2946 2086 3017 collocatam,
2117 2954 2187 3003 ut
2214 2962 2356 3002 ven-

622 3051 720 3100 tus
750 3041 814 3099 in
853 3061 986 3100 eam
1035 3040 1332 3099 incideret
1383 3040 1835 3119 obliquissime3
1889 3058 2126 3117 nempe,
2157 3037 2220 3096 in
2250 3056 2357 3096 an-

620 3135 764 3214 gulo
794 3135 987 3193 multo
1011 3135 1244 3193 minore
1264 3155 1444 3212 quam
1475 3145 1568 3194 est
1597 3135 1855 3213 angulus
1885 3135 1948 3192 in
1971 3131 2354 3212 praecedente

621 3232 818 3307 figura
846 3229 1039 3301 ACE,
1070 3229 1134 3287 id
1166 3239 1276 3301 est,
1309 3230 1395 3288 ita
1423 3240 1493 3288 ut
1529 3241 1687 3289 esset
1731 3229 1796 3288 in
1837 3229 1957 3288 situ
1996 3227 2074 3287 ad
2103 3236 2353 3286 ventum

617 3323 746 3383 fere
776 3323 1105 3382 contrario,
1176 3324 1411 3383 Tabula
1438 3325 1571 3383 haec
1603 3344 1741 3383 cum
1764 3323 1899 3381 velo
1924 3342 2032 3381 suo
2056 3321 2259 3400 ligneo
2289 3319 2352 3378 in

619 3418 967 3497 pavimento
999 3417 1110 3476 sub
1143 3417 1262 3490 dio,
1296 3418 1564 3496 spirante
1593 3425 1777 3476 vento
1823 3414 2133 3489 mediocri,
2165 3412 2350 3472 collo-

622 3520 758 3573 cata
787 3519 896 3572 est.
960 3510 1177 3571 Evenit
1201 3521 1426 3584 autem,
1445 3520 1514 3572 ut
1542 3511 1741 3591 primo
1767 3510 2020 3570 immota
2045 3507 2350 3588 paulisper
