2462 4120
781 389 1337 432 GEOMETRARUM.
1799 379 1918 434 405

192 529 392 589 ductae
422 548 458 587 a
488 535 698 587 centro
730 527 808 586 ad
853 527 1426 598 circumferentiam,
1458 527 1690 588 faciunt
1718 539 1789 588 ut
1818 550 1920 590 an·
1979 550 2220 584 CAP.v111.

188 623 366 701 gulus
402 621 831 700 conspiciatur.
922 621 1139 699 Neque
1176 631 1321 680 sunt
1361 620 1480 680 illae
1525 622 1700 681 lineae
1734 633 1918 684 rectae

190 716 267 776 de
312 715 574 775 essentia
616 715 842 793 anguli,
881 715 985 792 qui
1030 715 1158 774 sine
1202 714 1321 773 illis
1369 714 1811 776 determinatur
1855 719 1918 777 in

188 829 354 880 arcu,
379 829 725 888 quanquam
751 810 1101 868 essentiales
1131 810 1254 868 sint
1276 809 1487 887 figuris
1512 812 1832 889 angulatiS,
1852 823 1923 872 ut

190 904 530 982 triangulis,
563 904 894 983 quadratiS,
925 914 1040 963 etc.

271 998 365 1057 Ex
388 999 483 1058 his
514 1019 650 1077 quae
675 999 841 1058 dicta
870 1007 1012 1058 sunt
1042 998 1118 1058 de
1143 1005 1364 1057 natura
1387 998 1615 1077 anguli,
1645 999 1844 1058 brevis
1863 1009 1924 1059 et

186 1092 351 1152 clara
389 1093 649 1171 emergit
688 1093 897 1171 anguli
939 1093 1119 1171 hujus
1166 1092 1408 1170 generis
1450 1092 1726 1151 definitio
1757 1093 1922 1152 haec:

187 1185 477 1267 Angulus
507 1195 602 1246 est
626 1186 1026 1259 circuitioniS,
1047 1186 1172 1244 sive
1198 1184 1699 1258 circumlationis,
1732 1186 1923 1258 radii,

188 1281 326 1340 dum
356 1281 651 1340 circulum
681 1279 779 1339 vel
797 1288 1050 1361 partem
1082 1278 1305 1339 circuli
1337 1278 1659 1352 describit,
1693 1279 1923 1358 quanti-

191 1383 309 1434 tas,
412 1375 630 1434 Dicere
682 1375 843 1433 enim
892 1374 1056 1452 quod
1103 1374 1181 1432 sit
1234 1373 1554 1432 inclinatio
1601 1372 1924 1446 linearum,

191 1469 450 1529 aniculae
500 1470 704 1548 potius
751 1478 842 1528 est
895 1468 1161 1528 sedentis
1206 1468 1284 1526 ad
1334 1467 1627 1546 angulum
1680 1468 1924 1539 camini,

190 1584 372 1643 quam
402 1563 839 1636 mathematici,
871 1563 1261 1642 ejusdemque
1305 1562 1575 1620 accurati
1616 1571 1679 1620 et
1722 1562 1924 1639 rigidi.

272 1657 627 1716 Mensuram
674 1669 876 1716 autem
926 1658 1104 1736 hujus
1134 1657 1375 1734 generis
1421 1655 1785 1734 angulorum
1816 1676 1926 1734 ag-

187 1762 450 1812 noscunt
481 1772 689 1811 omnes
721 1772 849 1811 esse
881 1772 1091 1811 arcum
1123 1751 1371 1810 circuli:
1406 1760 1750 1828 agnoscunt
1773 1751 1924 1810 item

186 1865 528 1905 mensuram
578 1857 639 1905 et
685 1856 1104 1905 mensuratum
1156 1864 1284 1904 esse
1330 1845 1395 1903 in
1436 1844 1650 1904 eodem
1697 1865 1923 1922 genere

188 1941 564 2020 quantitatis
668 1941 840 2000 Idem
870 1961 1015 2018 ergo
1046 1951 1138 1999 est
1187 1939 1546 2019 quantitatis
1584 1959 1797 2018 genUS,
1829 1960 1924 1999 ar-

189 2054 296 2094 cus
327 2044 388 2095 et
418 2036 697 2114 angulus.

271 2128 740 2188 Consideremus
792 2131 921 2208 jam
973 2138 1254 2189 naturam
1314 2127 1534 2209 anguli
1586 2136 1923 2188 contactus·

186 2223 397 2284 Divisa
444 2225 554 2283 AB
600 2224 877 2283 bifariam
931 2224 995 2283 in
1035 2224 1112 2293 K,
1159 2223 1332 2282 radio
1383 2223 1495 2282 KB
1544 2222 1924 2282 describatur

187 2318 601 2378 semicirculus
633 2318 773 2377 BA:
818 2318 1194 2396 ducaturque
1225 2325 1395 2376 recta
1424 2317 1528 2376 BL
1551 2318 1922 2395 magnitudi-

186 2412 281 2472 nis
338 2412 691 2485 indefinitae,
744 2412 851 2472 sed
905 2412 1194 2491 parallela
1243 2413 1366 2483 AF,
1410 2432 1546 2490 quae
1595 2421 1924 2491 propterea

185 2514 398 2584 tanget
427 2506 686 2566 circulos
717 2506 825 2566 BA
855 2517 916 2565 et
947 2507 1055 2565 BD
1085 2506 1149 2564 in
1177 2515 1408 2584 puncto
1441 2506 1509 2564 Β.
1603 2505 1921 2585 Suppona-

186 2618 322 2659 mus
361 2610 591 2658 rectam
632 2601 917 2678 aliquam,
948 2610 1018 2659 ut
1054 2600 1176 2671 BL,
1211 2600 1506 2678 aequalem
1550 2600 1720 2658 arcui
1772 2599 1918 2658 BA:

187 2691 556 2771 impossibile
588 2695 750 2753 enim
780 2714 902 2753 non
935 2703 1045 2754 est.
1136 2694 1561 2773 Supponamus
1603 2695 1784 2753 etiam
1818 2695 1922 2753 BL

191 2786 255 2846 in
295 2787 459 2846 omni
489 2789 616 2866 ejus
639 2799 866 2866 puncto
890 2789 1205 2867 aequaliter
1246 2790 1409 2847 flecti
1440 2789 1564 2848 sive
1594 2789 1919 2861 incurvari,

190 2879 280 2939 ita
307 2889 378 2938 ut
407 2881 713 2940 coincidat
743 2902 882 2941 cum
911 2903 1055 2942 arcu
1090 2883 1233 2942 BA:
1264 2903 1462 2962 neque
1493 2883 1654 2942 enim
1684 2883 1802 2941 hoc
1828 2891 1921 2941 est

188 2973 578 3051 impossibile,
618 2976 759 3054 quia
796 2986 866 3035 ut
911 2997 1088 3037 arcus
1134 2977 1488 3036 extensione
1535 2977 1668 3035 fieri
1719 2985 1922 3055 potest

187 3066 349 3125 linea
377 3077 564 3139 recta,
595 3069 682 3127 ita
713 3079 881 3128 recta
908 3091 1016 3148 per
1038 3071 1386 3130 flectionem
1412 3071 1687 3130 converti
1717 3079 1921 3148 potest

188 3160 252 3218 in
282 3179 491 3219 arcum
522 3161 752 3220 circuli.
842 3163 1155 3222 Habemus
1199 3183 1347 3242 ergo
1394 3163 1546 3223 duos
1578 3183 1755 3222 arcus
1788 3163 1917 3232 BA,

190 3252 300 3312 BD
331 3254 643 3331 aequaliter
673 3275 909 3328 curvoS,
940 3276 1287 3336 quanquam
1316 3257 1740 3335 magnitudine
1770 3257 1917 3313 inae-

190 3346 415 3425 quales,
502 3348 756 3420 Deinde,
789 3349 839 3407 si
869 3369 906 3408 a
933 3362 1162 3427 puncto
1202 3352 1252 3410 B
1294 3351 1552 3409 ducatur
1591 3358 1760 3407 recta
1793 3348 1915 3405 ΒΜ

190 3460 402 3500 secans
433 3452 757 3519 utrumque
788 3443 1250 3514 semicirculum,
1279 3446 1570 3522 majorem
1603 3443 1665 3500 in
1689 3441 1776 3512 M,
1801 3440 1914 3498 mi-

189 3554 403 3593 norem
432 3535 494 3593 in
526 3535 584 3593 N
611 3558 624 3592 :
670 3546 848 3594 erunt
879 3555 1118 3614 quoque
1147 3557 1322 3597 arcus
1354 3538 1495 3608 ΒΜ,
1530 3536 1640 3594 BN
1671 3533 1914 3612 aequali-

190 3639 286 3687 ter
315 3647 534 3701 curvae,
569 3648 704 3688 cum
737 3629 856 3688 sint
886 3628 944 3687 in
978 3630 1188 3690 eadem
1219 3631 1452 3691 ratione
1485 3649 1621 3688 cum
1647 3628 1768 3687 suis
1798 3627 1913 3685 cir-

1990 605 2228 631 κ--φ--κ

1996 657 2053 692 De
2069 655 2215 702 angulo.
