2462 4120
566 330 687 384 520
1025 346 1499 394 QUADRATURA
1533 349 1835 404 omnum,

207 500 276 531 An
303 500 442 533 pum».
470 503 523 534 11.
562 481 1006 559 objectionibus
1025 496 1475 561 geometrarum
1488 487 2070 566 cognitis,quicquid
2095 507 2291 548 erras-

253 557 489 585 *sf—-a

561 595 688 633 sem
745 577 1285 654 (quemadmodum
1335 581 1478 658 feci)
1536 582 1940 640 emendarem.
2045 583 2117 641 In
2167 604 2288 663 quo

559 670 709 729 mihi
739 671 913 744 bene,
945 675 1392 740 correctoribus
1424 677 1572 736 meis
1602 677 1896 736 successit
1925 676 2102 736 male.

918 911 1010 954 AD
1044 914 1510 956 PROFESSORIS
1545 914 1928 956 EPILOGUM.

640 1030 943 1108 Pugnavit
972 1031 1283 1091 Professor
1313 1031 1376 1090 in
1417 1031 1901 1109 praecedentibus
1932 1031 2007 1090 de
2038 1032 2287 1091 castello

555 1124 820 1202 quodam
850 1125 913 1184 in
943 1126 1277 1203 geometria
1308 1127 1492 1197 uno*,
1527 1135 1589 1184 et
1618 1125 1962 1184 infeliciter.
2043 1126 2114 1184 In
2143 1128 2286 1205 Epi-

553 1219 695 1297 logo
726 1229 930 1278 autem
976 1220 1317 1297 triumphos
1362 1239 1500 1278 suos
1543 1219 1889 1296 praeteritos
1932 1218 2008 1278 de
2053 1221 2286 1279 caeteris

554 1314 683 1391 ejus
704 1315 980 1392 partibus
1005 1324 1386 1385 annumerat,
1414 1313 1659 1391 quaS,in
1685 1313 1968 1391 operibus
1993 1313 2143 1372 meis
2163 1334 2286 1373 non

550 1421 718 1472 recte
761 1420 1052 1471 tractatas
1099 1412 1379 1483 antehac,
1417 1431 1453 1469 a
1493 1430 1556 1469 se
1600 1410 1897 1470 refutatas
1941 1430 2071 1469 esse
2115 1411 2282 1472 dicit.

552 1507 759 1568 Quare
803 1506 1049 1564 autem?
1139 1503 1439 1578 Quoniam
1484 1504 1824 1577 monitione,
1869 1504 2086 1583 inquit,
2130 1525 2286 1584 opus

549 1622 685 1659 6336
727 1599 1051 1658 videbatur
1095 1598 1296 1678 qualis
1317 1599 1588 1678 fuerim,
1641 1619 1717 1657 ne
1767 1598 1982 1678 magni
2027 1599 2284 1658 nominis

547 1694 791 1753 obtentu
814 1694 962 1752 aliis
959 1693 1204 1772 fraudi
1226 1714 1433 1752 essem.
1494 1693 1637 1752 Non
1661 1692 1947 1752 videntur
1975 1693 2126 1752 mihi
2148 1714 2283 1773 quae

546 1788 646 1847 hic.
677 1788 843 1858 dicit,
875 1788 1030 1845 bene
1062 1788 1388 1846 cohaerere.
1476 1786 1577 1845 Ne
1616 1785 1782 1860 aliis,
1814 1787 2032 1865 inquit,
2039 1787 2284 1866 fraudi

544 1903 757 1941 essem.
848 1882 1085 1942 Quibus
1132 1882 1263 1941 aliis
1289 1882 1308 1940 ἓ
1396 1881 1494 1941 An
1533 1881 1904 1960 geometris?
1992 1884 2076 1941 At
2104 1882 2281 1942 valde

544 1976 743 2054 pauci,
774 1986 880 2035 aut
909 1976 1061 2034 nulli
1093 1976 1340 2035 omnino
1381 1985 1546 2048 sunt,
1579 1984 1798 2054 praeter
1829 1975 2156 2054 discipulos
2186 1977 2282 2036 vel

545 2070 995 2149 condiscipulos
1037 2070 1217 2143 illius,
1265 2070 1368 2148 qui
1411 2069 1629 2127 iisdem
1672 2079 1933 2128 utuntur
1966 2070 2279 2148 principiis

543 2183 679 2241 quae
709 2164 893 2223 modo
919 2163 1183 2223 absurda
1205 2183 1335 2222 esse
1360 2162 1559 2221 docui.
1650 2161 1746 2220 Illi
1769 2182 1915 2240 ergo
1938 2182 2063 2222 non
2085 2163 2278 2241 magis

542 2258 877 2317 monitione
945 2277 1096 2336 opus
1162 2257 1451 2329 habuere,
1519 2276 1701 2334 quam
1759 2255 2070 2315 Professor
2125 2257 2276 2334 ipse.

544 2353 716 2413 Quos
745 2373 890 2431 ergo
921 2352 1180 2424 monuit,
1206 2351 1322 2410 nisi
1351 2351 1487 2409 illos
1513 2350 1618 2428 qui
1647 2349 2002 2408 ratiocinari
2031 2350 2277 2429 quidem

540 2456 898 2524 potuerunt,
922 2446 1323 2524 geometriam
1347 2454 1552 2504 autem
1582 2445 1854 2504 nondum
1881 2446 2049 2505 docti
2072 2449 2278 2506 erant?

543 2541 676 2599 Hos
707 2540 981 2599 monuit:
1026 2540 1090 2598 id
1120 2549 1230 2611 est,
1261 2539 1538 2598 homines
1567 2539 1804 2598 liberali
1843 2539 2090 2618 ingenio
2119 2561 2275 2619 prae-

541 2633 719 2706 ditos,
749 2634 1027 2694 radicum
1064 2634 1576 2712 geometricarum
1619 2643 1682 2692 et
1721 2633 2275 2713 symbolographiae

539 2729 795 2801 nescios,
849 2728 957 2788 sed
1001 2729 1235 2787 ratione
1285 2727 1552 2786 naturali
1601 2747 1679 2786 ne
1731 2728 1982 2788 summis
2029 2728 2274 2808 quidem

538 2823 867 2901 geometris
898 2821 1235 2894 inferiores,
1265 2821 1522 2880 monuit.
1584 2821 1670 2880 Hi
1701 2830 1895 2895 erant,
1927 2822 2091 2900 apud
2121 2843 2274 2902 quos

538 2938 830 2995 magnum
887 2916 1037 2999 mihi
1085 2935 1310 2975 nomen
1361 2934 1490 2974 esse
1542 2914 1877 2975 Professori
1928 2916 2268 2976 videbatur.

538 3011 713 3083 Vide,
743 3011 957 3084 lector,
981 3010 1273 3069 invidiam
1302 3008 1565 3068 hominis
1596 3009 1886 3088 theologi.
1949 3010 2132 3071 Quod
2157 3011 2272 3070 viri

536 3107 683 3165 boni
714 3106 789 3165 de
818 3125 916 3164 me
956 3125 1081 3164 non
1125 3104 1281 3163 male
1321 3104 1606 3177 sentiant,
1635 3104 1811 3163 valde
1864 3105 2083 3164 laetor:
2127 3125 2271 3165 nam

535 3209 605 3259 ut
634 3220 858 3260 nomen
902 3219 1194 3277 magnum
1236 3218 1371 3257 mea
1414 3198 1602 3277 ipsius
1645 3199 2081 3277 praedicatione
2121 3199 2270 3258 mihi

538 3313 977 3373 compararem,
1008 3301 1115 3352 aut
1156 3291 1258 3350 ille
1296 3291 1409 3350 sibi
1438 3292 1790 3370 arrogantia
1820 3311 1948 3364 sua,
1994 3292 2270 3371 impossi-

535 3388 656 3447 bile
688 3398 800 3448 est.
861 3388 972 3447 Est
1001 3406 1148 3466 ergo
1179 3385 1407 3464 aliquid
1436 3385 1501 3444 in
1524 3386 1809 3464 operibus
1838 3387 1989 3446 meis
2018 3395 2270 3465 propter

957 3606 985 3634 ’ἓ
1026 3605 1106 3654 Sic
1129 3603 1242 3652 edit.
1276 3606 1415 3651 1669.
1490 3603 1676 3661 Quaere,
1703 3603 1846 3650 mea?
