2462 4120
593 370 1117 417 MATHEMA'mcAE
1155 370 1558 413 nomERNAE.
1839 355 1952 420 117

223 517 482 596 scriptae,
510 523 581 572 ut
605 512 926 592 plusquam
956 508 1140 587 triplo
1173 507 1293 566 sint
1321 508 1644 587 longiores.
1695 511 1774 570 Et
1797 528 1953 590 prae-

222 622 407 684 terea,
438 607 614 668 citius
645 604 945 683 intelliget
973 603 1166 662 lector
1197 601 1472 680 quilibet,
1496 604 1681 663 etiam
1710 605 1954 685 symbo-

220 707 393 777 licus,
444 704 653 763 decem
710 700 844 759 illas
892 696 1444 758 demonstrationes
1495 697 1707 771 Clavii,
1769 719 1955 778 quam

222 799 554 883 quamlibet
609 816 795 856 unam
867 814 942 854 ex
995 790 1619 852 demonstrationibus
1675 793 1952 852 Wallisii.

221 895 498 973 Denique
519 890 969 970 propositiones
1015 887 1135 947 illae
1185 906 1221 944 a
1268 884 1560 963 quolibet,
1594 886 1697 964 qui
1745 907 1954 946 earum

219 987 507 1066 intelligit
536 982 1084 1045 demonstrationes
1107 979 1534 1060 geometricaS,
1582 999 1707 1039 non
1754 981 1953 1040 minus

221 1082 300 1144 ad
345 1100 632 1141 numeros
663 1076 959 1159 applicari
982 1084 1241 1155 possunt
1266 1093 1488 1153 quama
1520 1072 1728 1133 Clavio
1754 1075 1946 1153 appli-

221 1187 374 1238 catae
396 1184 555 1235 sunt.

304 1272 383 1331 B.
430 1271 758 1348 Pergamus
784 1287 928 1346 ergo
959 1266 1038 1326 ad
1059 1265 1262 1344 Caput
1281 1263 1584 1336 xxiv.,De
1602 1262 1952 1323 Geodaesia.

224 1366 346 1427 Sed
417 1365 633 1445 prim0,
694 1363 792 1423 dic
849 1361 1002 1422 mihi
1063 1359 1210 1440 quid
1268 1358 1473 1418 differt
1537 1357 1862 1418 Geodcesia
1920 1380 1956 1419 a

229 1460 578 1521 Geometrz’a
602 1463 638 1520 ,9

303 1553 379 1615 A.
424 1554 613 1628 Nihil,
637 1554 755 1614 nisi
786 1553 949 1632 quod
976 1549 1344 1631 'quibusdam
1365 1549 1713 1610 hominibus
1731 1548 1954 1607 mirum

220 1653 284 1712 in
315 1649 564 1710 modum
593 1649 795 1729 placet
825 1667 1045 1708 vocum
1086 1645 1437 1730 Graecarum
1476 1643 1818 1703 efformatio
1845 1643 1953 1702 ali-

220 1766 339 1825 qua
365 1744 460 1805 vel
483 1743 841 1823 compositio
878 1763 1057 1815 nova,
1091 1741 1170 1801 ad
1194 1740 1667 1801 ostentationem
1717 1738 1954 1817 peritiae

216 1841 440 1919 linguae
471 1839 718 1899 Graecae.
808 1837 929 1898 Sed
973 1836 1078 1895 diu
1123 1855 1288 1895 nunc
1335 1844 1428 1894 est
1478 1833 1643 1914 quod
1691 1852 1763 1892 ea
1813 1853 1953 1906 vox,

216 1934 562 2013 significans
593 1943 774 1993 terrae
805 1931 1183 2003 divisionem,
1206 1950 1319 2009 pro
1365 1939 1541 2008 parte
1592 1928 1741 1988 artis
1797 1927 1956 2007 agri-

215 2048 563 2089 mensorum
615 2035 908 2106 usurpata
954 2034 1066 2085 est.
1155 2024 1338 2084 Nosti
1386 2043 1568 2103 quam
1621 2023 1842 2101 exigua
1891 2031 1955 2082 et

216 2124 361 2184 trita
388 2143 527 2203 pars
567 2143 637 2182 ea
669 2122 749 2182 sit
776 2120 1149 2200 geometriae,
1198 2140 1318 2198 qua
1356 2127 1616 2178 utuntur
1646 2117 1952 2196 agrimen-

220 2238 404 2278 soreS.
491 2218 764 2278 Docetur
793 2225 1000 2276 autem
1033 2214 1151 2274 hoc
1204 2214 1403 2293 capite
1455 2213 1598 2273 novi
1640 2211 1811 2286 nihil,
1845 2211 1952 2271 sed

220 2313 522 2394 quomodo
573 2311 1040 2391 triangulorum,
1092 2318 1155 2368 et
1204 2307 1460 2388 proinde
1495 2306 1951 2388 polygonorum

218 2408 688 2481 rectilineorum,
720 2425 878 2466 areae
925 2404 1003 2464 ad
1052 2423 1447 2464 numerorum
1501 2402 1803 2462 calculum
1854 2421 1949 2460 re-

222 2502 362 2563 duci
390 2503 604 2563 solent.

306 2596 385 2658 B.
429 2597 650 2658 Nonne
679 2595 864 2655 etiam
915 2593 1127 2654 circuli
1174 2601 1236 2652 et
1282 2602 1590 2652 sectorum
1635 2611 1947 2651 mensura-

221 2692 468 2765 tionem,
493 2700 553 2751 et
582 2689 1016 2769 quadraturam
1048 2687 1259 2748 circuli
1288 2687 1388 2746 hic
1420 2687 1601 2747 docet
1627 2687 1647 2746 Ρ

303 2783 382 2844 A.
428 2785 727 2844 Scribitur
751 2783 996 2864 quidem
1014 2783 1077 2842 in
1095 2782 1369 2860 margine
1392 2781 1550 2855 libri,
1573 2780 1946 2840 mensuratio

225 2878 439 2938 circuli
485 2886 545 2955 et
588 2878 943 2960 portionum
995 2878 1127 2956 ejus
1148 2899 1172 2945 ;
1218 2884 1279 2936 et
1318 2875 1500 2955 paulo
1548 2875 1818 2948 inferius,
1870 2874 1947 2933 de

226 2973 443 3034 circuli
487 2974 876 3054 quadratura
898 2996 921 3042 ;
980 2980 1041 3032 et
1085 2972 1254 3031 ratio
1288 2971 1625 3052 perimetri
1676 2968 1946 3029 circula-

225 3067 319 3127 ris
347 3068 436 3127 ad
471 3067 849 3128 diametrum.
935 3069 1007 3128 In
1038 3075 1212 3126 textu
1242 3074 1445 3125 autem
1495 3075 1681 3144 negat
1721 3084 1784 3124 se
1812 3064 1946 3123 haec

228 3161 463 3234 docere,
494 3162 599 3222 sed
630 3162 704 3223 de
732 3163 849 3223 illis
878 3163 1069 3223 fusius
1101 3161 1336 3221 dictum
1368 3180 1499 3220 esse
1530 3160 1678 3219 dicit
1725 3159 1788 3218 in
1837 3178 1946 3217 sua

225 3253 629 3315 Arithmetica
647 3255 1046 3335 Iufinitorum.
1094 3256 1263 3315 Dicit
1280 3264 1594 3334 praeterea,
1615 3251 1944 3334 Josephum

227 3348 630 3430 Scaligerum,
692 3350 1044 3411 Severinum
1101 3350 1679 3431 Longomontauum,
1731 3356 1793 3407 et
1834 3367 1941 3405 nu-

214 3443 495 3524 perrime
548 3444 839 3503 Thomam
895 3445 1166 3520 HobbeS,
1217 3444 1593 3505 immortales
1638 3441 1758 3501 sibi
1802 3439 1943 3498 inde

225 3537 492 3618 singulis
523 3537 733 3598 laudes
763 3538 972 3600 deberi
995 3539 1384 3613 somnianteS,
1416 3538 1572 3598 mire
1599 3533 1942 3596 hallucina-

224 3640 319 3691 tos
348 3651 498 3691 esse.

2015 530 2264 563 DIALOGUS

2150 597 2181 629 1.

2107 598 2146 629 11
