2462 4120
870 301 958 342 DE
994 300 1278 343 NATURA
1313 300 1541 342 AERIS.
1960 296 2072 347 ‘241

422 441 497 502 A.
544 443 732 501 Recte
781 441 950 513 dicis,
1005 440 1188 499 modo
1240 440 1522 498 voluntas
1566 459 1638 498 03
1668 441 1745 499 ad
1795 442 2081 503 scientias

338 537 522 616 ipsaS‚
554 557 676 596 non
718 536 797 595 ad
842 536 1073 614 ingenii
1103 534 1364 614 gloriam
1406 534 1726 611 dirigatur.
1817 537 1937 597 Sed
1984 538 2081 598 dic

336 651 561 711 quaeso,
593 632 655 690 in
689 631 888 690 causis
919 650 1124 689 rerum
1161 628 1605 706 investigandis
1655 650 1837 707 quam
1883 633 2082 711 sequi-

337 727 486 786 mini
509 725 905 785 methodum?

423 820 502 880 B.
551 821 951 880 Proferuntur
993 819 1191 899 primo
1238 818 1677 897 experimenta,
1711 819 1929 878 deinde
1960 822 2078 880 alio

338 914 454 988 die,
475 936 654 995 quam
687 915 937 995 quisque
958 934 1202 974 causam
1234 913 1624 992 phaenomeni
1656 933 1784 972 0550
1810 915 2078 992 suspica-

335 1021 457 1083 tur,
490 1031 623 1070 eam
654 1011 792 1070 viva
820 1030 989 1083 voce,
1021 1019 1090 1068 ut
1119 1017 1346 1088 potest,
1379 1007 1662 1086 explicat.
1755 1008 1915 1066 Nam
1960 1009 2080 1067 his-

335 1105 513 1166 toriae
541 1106 806 1165 naturali
838 1106 1082 1184 scriptae
1112 1124 1235 1163 11011
1267 1103 1413 1163 53115
1453 1102 1733 1170 fidimus3
1782 1122 1979 1180 neque
2029 1105 2078 1162 si

336 1200 690 1259 certissimae
721 1208 939 1272 essent,
971 1200 1118 1258 satis
1149 1199 1443 1258 inservire
1494 1206 1744 1277 possent
1790 1197 2077 1257 instituto

336 1303 568 1363 nostrO,
599 1293 781 1353 nudae
813 1293 1145 1352 existentes
1173 1292 1795 1363 circumstantiarum,
1830 1311 1968 1370 quae
2000 1292 2077 1350 ad

339 1409 554 1448 causas
584 1389 892 1448 naturales
924 1388 1322 1447 inveniendas
1354 1396 1497 1447 sunt
1526 1387 1908 1447 necessariae.

423 1483 504 1543 A.
550 1485 809 1543 Rectum
832 1483 1077 1562 quidem
1107 1483 1259 1542 illud
1289 1491 1398 1551 est,
1421 1483 1495 1542 de
1526 1502 1651 1542 non
1682 1491 1916 1541 temere
1948 1502 2079 1540 cre-

339 1577 539 1638 denda
566 1579 838 1638 historia.
930 1578 1047 1638 Sed
1083 1598 1160 1637 an
1192 1579 1378 1637 etiam
1409 1597 1482 1636 ea
1503 1577 1909 1656 phaenomena
1940 1597 2077 1655 quae

338 1691 708 1751 unoquoque
753 1672 881 1731 fere
933 1672 1030 1731 die
1080 1672 1497 1751 unusquisque
1548 1681 1820 1730 vestrum
1869 1671 2078 1730 videre

337 1774 557 1845 potest,
581 1775 860 1845 suspecta
890 1776 1050 1838 sunt,
1072 1766 1189 1825 nisi
1219 1766 1323 1825 illa
1353 1771 1564 1825 omnes
1586 1765 1765 1825 simul
1786 1765 2076 1825 videatis?

338 1860 462 1919 Aut
508 1880 579 1919 ea
623 1881 759 1939 (11130
787 1860 1008 1919 videtis
1048 1861 1112 1919 in
1154 1861 1431 1920 conclavi
1465 1861 1907 1940 experimenta,
1939 1882 2076 1940 quae

335 1973 478 2013 sane
528 1975 724 2035 pauca
781 1976 911 2015 esse
963 1964 1223 2029 constat,
1279 1956 1423 2015 satis
1477 1976 1607 2016 0550
1666 1955 1915 2015 creditis
1944 1982 1958 2024 ;
2005 1976 2078 2016 03

332 2058 556 2124 autem,
591 2071 724 2129 quae
753 2052 924 2111 vobis
957 2051 1230 2130 quotidie
1262 2060 1572 2111 ostentant
1605 2052 1829 2111 coelum
1860 2052 2074 2124 altum,

332 2153 677 2224 pontusque
726 2156 790 2206 et
841 2147 967 2206 lato
1019 2155 1271 2226 pectore
1315 2146 1515 2219 1011115,
1573 2147 1722 2206 53115
1771 2166 1900 2205 0550
1949 2167 2077 2206 11011

331 2241 602 2318 putatis?

416 2334 496 2394 B.
543 2335 700 2395 Sunt
751 2336 911 2395 enim
970 2346 1209 2396 naturae
1269 2356 1457 2415 opera
1504 2336 1788 2416 quaedam
1836 2337 2070 2409 critica,

332 2447 456 2487 non
485 2429 602 2489 nisi
631 2439 761 2491 arte
783 2440 844 2491 et
863 2431 1178 2511 diligentia
1200 2432 1376 2491 nobis
1401 2433 1651 2511 cognita
1673 2459 1686 2501 ;
1719 2433 1783 2491 in
1811 2453 2072 2512 quorum

332 2542 456 2583 uno
475 2524 678 2604 aliquo
703 2535 955 2598 naturae,
986 2537 1056 2586 ut
1102 2527 1189 2586 ita
1235 2527 1455 2600 dicam,
1488 2527 1832 2599 artificium,
1863 2527 1928 2586 id
1958 2535 2069 2599 051,

334 2617 550 2678 1110(1115
589 2621 882 2698 operandi
939 2623 1322 2682 manifestius
1384 2643 1447 2682 50
1504 2623 1732 2701 prodit,
1784 2642 1965 2700 quam
2006 2622 2070 2679 in

337 2712 563 2771 centies
600 2715 763 2774 mille
791 2716 1206 2794 Phaenomenis
1237 2718 1371 2777 istis
1420 2718 1811 2796 quotidianis,
1899 2717 2072 2776 Talia

338 2814 540 2865 autem
597 2819 737 2868 sunt
793 2812 1211 2890 experimenta
1267 2823 1499 2885 nostra,
1560 2833 1821 2892 quorum
1889 2812 2069 2870 unius

339 2900 786 2982 causa-inventa
806 2905 883 2965 ad
913 2927 1233 2966 numerum
1273 2907 1581 2966 infinitum
1621 2908 1821 2987 aptari
1865 2916 2070 2985 potest

336 2992 783 3071 phaenomenwn
810 3002 1242 3061 communium.

423 3089 504 3149 A.
552 3090 848 3153 Quaenam
878 3107 1019 3156 sunt
1042 3097 1142 3156 illa
1171 3096 1190 3155 ?
1258 3097 1379 3156 Sed
1408 3097 1577 3176 prius
1623 3095 1835 3155 audire
1866 3095 2065 3172 cupi0,

339 3183 585 3260 quinam
614 3185 733 3245 sint
760 3187 848 3247 illi
874 3189 1150 3250 homines
1180 3192 1347 3251 docti
1394 3193 1498 3270 qui
1528 3200 1795 3250 vestram
1841 3188 2067 3248 consti-

338 3286 523 3336 tuunt
567 3279 978 3344 Academiam.
1093 3287 1255 3346 Nam
1319 3286 1684 3346 Academias
1757 3284 2068 3364 appellant

337 3371 658 3431 societates
711 3375 1004 3451 ejusmodi
1046 3379 1201 3439 Galli
1247 3381 1529 3459 Italique.
1626 3380 1834 3439 Talem
1895 3377 2067 3435 aiunt

337 3484 470 3523 0550
500 3465 740 3526 Parisiis
763 3469 943 3530 hodie
972 3472 1035 3530 in
1066 3473 1244 3533 domo
1277 3474 1506 3534 domini
1549 3472 1896 3534 Mommori.
1984 3470 2065 3527 Et

338 3578 475 3618 cum
505 3579 618 3638 ego
648 3579 812 3621 eram
855 3564 1114 3639 Parisiis,
1161 3579 1532 3629 conventum
1576 3567 1899 3627 habuimus
1938 3583 2063 3621 non

502 3672 656 3716 VOL.
684 3675 776 3717 1v.
1855 3678 1896 3717 R
