2462 4120
521 314 597 376 72
879 325 1325 371 EXAMINATIO
1360 331 1443 371 ET
1475 330 1884 372 EMENDATIO

208 491 455 524 DIALOGUS
519 466 752 538 relati0‚
801 467 923 526 sive
971 470 1361 547 comparatio.
1451 470 1659 529 Potest
1715 490 1861 546 ergo
1911 490 2033 530 una
2081 472 2241 530 ratio

311 559 362 590 Π·
442 613 447 622 ,
520 570 748 640 quanta
778 581 924 633 esse,
956 573 1026 621 ut
1054 573 1258 622 tamen
1287 564 1404 622 alia
1434 575 1663 642 quanta
1691 584 1814 623 non
1847 565 1942 624 sit.

600 655 681 713 B.
725 656 952 714 Verum
1012 657 1177 716 diois,
1310 658 1431 717 Sed
1485 659 1641 717 ratio
1688 659 2054 737 aequalitatis
2101 658 2242 717 ideo

517 749 758 808 videtur
788 769 917 808 esse
941 752 1269 829 quantitaS,
1294 753 1436 830 quia
1458 762 1517 811 et
1547 754 1677 830 ipsa
1705 755 1900 831 major
1923 754 2019 812 vel
2042 753 2241 811 minor

520 864 703 919 quam
732 843 848 902 alia
886 845 1041 903 ratio
1084 864 1213 904 esse
1241 856 1463 922 potest.
1532 847 1644 904 Est
1689 847 1851 904 enim
1889 848 2047 905 ratio
2077 853 2114 906 5
2161 846 2241 905 ad

521 945 577 1008 5,
597 937 753 996 ratio
784 938 1182 1015 aequalitatis3
1228 938 1560 1015 eademque
1589 940 1783 1016 major
1813 959 1993 1017 quam
2022 941 2176 999 ratio
2204 947 2239 998 5

520 1031 596 1090 ad
628 1039 685 1102 6,
719 1042 780 1090 et
812 1031 1008 1090 minor
1039 1052 1221 1109 quam
1250 1033 1406 1090 ratio
1440 1040 1473 1090 5
1507 1031 1584 1090 ad
1616 1040 1672 1090 3.

605 1126 686 1185 A.
733 1126 916 1184 Aliud
963 1136 1056 1184 est
1097 1136 1338 1184 tantum
1382 1145 1512 1184 esse
1553 1125 1831 1184 absolate
1867 1136 1930 1184 et
1967 1125 2246 1184 solitarie

520 1229 846 1298 sumptum,
872 1219 1037 1279 aliud
1060 1218 1493 1297 comparative.
1553 1219 1736 1277 Ratio
1769 1219 2016 1296 quidem
2044 1238 2246 1297 aequa-

518 1315 706 1374 litatis
756 1314 950 1391 major
1000 1332 1127 1371 esse
1176 1321 1382 1390 potest
1434 1332 1616 1388 quam
1669 1312 1828 1371 ratio
1885 1312 2246 1389 quantitatis

520 1409 771 1468 minoris
800 1407 878 1466 ad
907 1408 1216 1484 majorem,
1248 1416 1318 1464 ut
1357 1415 1563 1464 tamen
1606 1407 1737 1483 ipsa
1779 1407 2088 1483 quantitas
2121 1426 2250 1465 non-

521 1505 616 1563 sit.
730 1502 1007 1580 Exempli
1064 1521 1282 1560 causa:
1352 1501 1588 1560 etiamsi
1632 1509 1670 1561 0
1722 1500 1873 1559 nihil
1931 1501 2029 1574 sit,
2089 1501 2248 1560 ratio

520 1609 725 1658 tamen
756 1605 793 1657 Ο
824 1596 902 1655 ad
943 1603 980 1656 Ο
1022 1597 1216 1674 major
1258 1603 1350 1654 est
1391 1615 1572 1673 quam
1611 1594 1768 1654 ratio
1809 1602 1847 1655 Ο
1887 1594 1966 1654 ad
2005 1602 2135 1668 0-1,
2184 1594 2250 1654 id

521 1704 614 1753 est
643 1713 824 1771 quam
854 1698 891 1751 Ο
924 1690 1001 1749 ad
1030 1690 1228 1749 minus
1259 1710 1441 1768 quam
1471 1696 1529 1749 Ο.

607 1788 687 1846 Β.
735 1787 872 1845 Hoc
904 1785 1150 1863 quidem
1179 1804 1390 1842 verum
1425 1795 1518 1843 est
1548 1785 1611 1842 in
1641 1784 1907 1843 numeris
1936 1784 2031 1842 vel
2061 1803 2252 1861 quan-

521 1882 800 1942 titatibus
841 1881 1018 1939 fietis,
1085 1878 1205 1938 Sed
1234 1889 1493 1957 putasne
1524 1887 1590 1936 tu
1625 1878 1890 1937 rationes
1921 1876 2253 1937 censendas

525 1997 653 2036 esse
684 1975 897 2035 eodem
926 1973 1108 2033 modo
1139 1992 1258 2051 quo
1289 1972 1529 2031 numeri
1557 1971 1683 2031 ficti
1709 1971 1730 2029 Ρ

610 2070 690 2129 Α.
737 2071 912 2129 Puto.

610 2164 690 2223 B.
736 2164 1026 2223 Attamen
1059 2160 1365 2240 quomodo
1412 2160 1546 2218 fieri
1574 2169 1796 2238 potest,
1837 2170 1907 2217 ut
1948 2161 2103 2219 ratio
2144 2160 2256 2219 mi-

524 2260 691 2317 noris
735 2258 814 2317 ad
856 2259 1049 2335 majus
1098 2255 1407 2334 quantitas
1457 2255 1553 2327 sit,
1603 2275 1742 2312 eum
1798 2254 1954 2313 ratio
2003 2273 2137 2332 quae
2177 2255 2257 2314 sit

526 2353 630 2411 illa
659 2353 872 2430 major,
917 2368 1135 2428 nempe
1174 2350 1331 2407 ratio
1368 2349 1752 2426 aequalitatiS‚
1798 2348 2104 2427 quantitas
2133 2369 2258 2408 non

529 2447 607 2506 sit
634 2445 653 2504 ?

614 2541 694 2600 A.
742 2541 894 2599 Cum
925 2538 1080 2596 ratio
1113 2538 1191 2595 sit
1216 2537 1628 2613 quantitatum
1652 2535 2042 2612 comparatiO,
2074 2554 2256 2613 expo-

530 2636 660 2694 sitis
693 2635 924 2693 duabus
957 2632 1401 2710 quantitatibus
1431 2630 1829 2708 inaequalibus
1854 2629 2038 2706 dupla
2066 2629 2260 2688 oritur

530 2729 902 2806 comparatio
929 2753 943 2794 ;
997 2726 1189 2784 altera
1239 2725 1488 2783 minoris
1540 2724 1618 2783 ad
1661 2724 1971 2801 majorem,
2024 2723 2087 2781 in
2138 2743 2260 2802 qua

531 2824 824 2901 quaeritur
844 2831 1141 2900 quantum
1166 2821 1364 2878 minor
1387 2840 1423 2878 a
1443 2820 1668 2896 majore
1692 2826 2033 2894 superatum
2070 2817 2261 2876 altera

531 2917 775 2995 majoris
807 2916 884 2974 ad
913 2915 1231 2984 minorem,
1272 2934 1390 2991 qua
1421 2912 1713 2991 quaeritur
1744 2921 2038 2988 quantum
2067 2913 2262 2990 major

532 3011 828 3069 minorem
879 3018 1140 3086 superat.
1234 3008 1451 3085 Itaque
1503 3007 1657 3065 ratio
1701 3005 2129 3082 inaequalitatis
2171 3015 2263 3064 est

536 3105 777 3182 duplex,
850 3103 1041 3162 altera
1090 3102 1387 3180 defecta&
1459 3100 1651 3159 altera
1696 3118 2000 3158 eoeeessas.
2089 3099 2263 3158 Sicut

535 3209 739 3258 autem
781 3197 1019 3255 numeri
1058 3196 1372 3273 finguntur
1401 3195 1477 3252 ab
1509 3201 1566 3266 Ο,
1610 3213 1716 3252 seu
1745 3193 1952 3265 nihilo,
1991 3193 2263 3272 superari

534 3293 749 3352 iisdem
787 3289 1119 3350 intervallis
1154 3289 1371 3367 quibus
1401 3288 1599 3366 ipsum
1630 3293 1687 3358 Ο,
1733 3305 1839 3345 seu
1874 3286 2042 3360 nihil,
2085 3306 2259 3366 supe-

534 3397 704 3446 ratur
734 3407 770 3445 a
800 3384 1063 3444 numeris
1094 3404 1215 3442 non
1239 3383 1395 3441 fictis
1422 3405 1435 3439 ε
1481 3382 1566 3440 ita
1596 3381 1752 3439 ratio
1785 3381 2058 3461 defectus
2087 3401 2264 3460 supe-

534 3493 704 3541 ratur
727 3502 762 3540 a
784 3479 1017 3538 ratione
1043 3476 1415 3556 oeqaalitatis
1435 3477 1644 3534 iisdem
1672 3475 2024 3547 intervalliS‚
2048 3476 2263 3554 quibus

534 3577 666 3654 ipsa
695 3584 1012 3654 superatur
1044 3593 1080 3631 a
1110 3572 1447 3631 rationibus
1481 3590 1787 3630 excessus,
1875 3570 1951 3628 Et
1983 3589 2090 3647 per
2118 3589 2262 3629 eon-
