2462 4120
590 324 666 387 76
945 340 1390 384 EXAMINATIO
1426 344 1510 385 ET
1543 344 1958 386 EMENDATIO

279 501 528 534 mALoGth
588 477 734 535 niat.
824 478 1008 538 Quod
1050 481 1114 539 ni
1155 481 1414 555 fecisset,
1461 483 1612 541 nihil
1655 483 1798 542 inde
1837 493 1907 541 ut
1949 502 1985 540 a
2012 482 2315 561 principio

378 572 430 602 Π·
588 569 1084 633 demonstrasset.

674 664 755 725 B.
803 666 967 727 Quid
997 667 1127 727 ita?
1214 669 1504 728 Definitio
1543 670 1754 728 circuli
1787 669 1951 748 apud
1978 669 2316 741 Euclidem,

587 778 711 818 non
752 771 845 819 est
889 760 1216 840 descriptio
1257 762 1680 842 generationis
1720 764 1950 835 circuli,
1996 762 2102 822 sed
2125 783 2316 842 gene-

590 853 755 912 rati:
799 864 862 913 at
893 855 1081 914 nihilo
1113 856 1311 915 minus
1341 848 1714 915 constructio
1746 857 2037 936 trianguli
2068 857 2315 935 aequila-

590 947 707 1006 teri
735 948 876 1007 inde
907 950 981 1008 ab
1012 950 1263 1009 Euclide
1294 950 1765 1009 demonstratur.

675 1042 755 1101 A.
801 1043 1256 1103 Demonstratio
1311 1044 1415 1102 illa
1465 1043 1769 1122 dependet
1817 1043 2063 1121 quidem
2113 1043 2192 1102 ab
2242 1063 2316 1102 ea

591 1136 980 1196 definitione:
1024 1138 1128 1197 sed
1160 1138 1290 1216 ipsa
1320 1138 1593 1197 definitio
1617 1138 1921 1216 dependet
1949 1159 1986 1197 a
2006 1138 2314 1216 postulato

587 1230 789 1300 tertio,
835 1251 1072 1309 nempe,
1117 1253 1236 1311 quo
1283 1233 1472 1310 gratis
1517 1231 1778 1291 sumitur
1803 1252 1996 1311 posse
2023 1230 2315 1290 circulum

588 1325 803 1403 quovis
849 1325 1117 1384 describi
1168 1326 1516 1386 intervalla
1601 1327 1790 1385 Jubet
1835 1346 2003 1404 ergo,
2047 1325 2127 1384 ad
2171 1346 2317 1385 con-

589 1419 988 1479 structionem
1010 1420 1301 1499 trianguli
1325 1420 1680 1498 aequilateri,
1708 1421 1969 1480 describi
1992 1419 2316 1488 circulum;

587 1514 753 1592 quod
792 1535 912 1593 quo
960 1515 1142 1574 modo
1179 1515 1528 1574 faciendum
1567 1516 1663 1588 sit,
1707 1515 1979 1575 definitio
2026 1513 2318 1573 Euclidea

585 1627 711 1667 non
741 1608 937 1667 docet.
1027 1609 1352 1669 Quomodo
1389 1609 1552 1668 enim
1582 1609 1842 1668 inveniri
1870 1607 2138 1667 medium
2166 1607 2318 1666 illud

585 1711 881 1780 punctum
914 1711 1132 1780 potest,
1178 1703 1294 1762 nisi
1330 1704 1498 1781 prius
1540 1703 1883 1781 descriptus
1922 1703 2002 1762 sit
2039 1704 2167 1782 ipse
2198 1702 2316 1760 cir-

586 1796 804 1855 culus?
889 1796 1059 1854 Vidit
1111 1816 1257 1874 ergo
1303 1797 1586 1856 Euclides
1639 1797 2057 1856 definitionem
2104 1795 2317 1855 analo-

580 1890 726 1969 gice,
800 1890 916 1949 nisi
988 1890 1338 1949 ostenderet
1397 1894 1702 1969 quomodo
1760 1890 1984 1951 eoedem
2038 1889 2318 1949 rationes

584 1986 822 2057 fierent,
854 1984 1128 2043 inutilem
1159 1984 1288 2043 fore
1327 1985 1405 2044 ad
1435 1987 1771 2063 sequentia.
1859 1985 2072 2062 Itaque
2102 1983 2317 2042 defini-

583 2080 815 2138 tionem
849 2098 958 2157 per
991 2079 1450 2157 generationem
1489 2079 1724 2138 addidit
1758 2079 1951 2138 hanc:
1998 2077 2075 2136 In
2105 2076 2318 2136 eadem

585 2173 826 2232 ratione
864 2172 1315 2253 magnitudines
1357 2173 1643 2232 dicuntur
1675 2193 1828 2246 esse,
1866 2172 2084 2253 prima
2113 2171 2203 2230 acl
2224 2191 2320 2230 se-

585 2267 864 2340 cundam,
906 2274 967 2326 et
1007 2266 1198 2326 tertia
1238 2267 1329 2326 acl
1356 2275 1655 2346 quartam,
1694 2288 1826 2326 cum
1844 2266 2075 2347 primoe
2105 2273 2167 2325 et
2195 2273 2320 2325 ter-

587 2362 690 2420 tice
734 2382 903 2441 oeque
945 2358 1333 2440 multiplicia,
1375 2382 1415 2420 a
1452 2360 1726 2421 secundae
1768 2369 1828 2420 et
1865 2369 2110 2441 quartoe
2151 2380 2322 2440 ceque

585 2454 1051 2536 multiplicibus,
1096 2454 1530 2535 qualiscunque
1571 2455 1657 2514 sit
1693 2455 1822 2514 Izoec
1863 2453 2318 2534 multiplicatiO,

586 2558 904 2628 utrumque
947 2547 1024 2608 ab
1071 2556 1345 2628 utroque,
1393 2549 1490 2607 vel
1535 2569 1653 2607 una
1701 2548 2007 2626 deficiunt,
2058 2547 2156 2606 vel
2197 2568 2320 2606 una

586 2642 852 2723 oequalia
902 2651 1060 2716 sant,
1107 2642 1206 2701 vel
1253 2663 1373 2700 una
1421 2643 1740 2715 excedunt,
1785 2642 1844 2700 si
1889 2663 1962 2700 ea
2000 2649 2321 2700 sumantur

589 2758 719 2815 quae
763 2737 925 2795 inter
964 2757 1033 2796 se
1072 2735 1461 2815 respondent.
1550 2735 1668 2795 Sed
1699 2735 1991 2807 invenire,
2024 2755 2134 2813 per
2161 2735 2321 2795 hanc

591 2830 1027 2903 definitionem,
1087 2828 1434 2907 hujusmodi
1480 2839 1740 2906 quatuor
1790 2829 2162 2906 quantitates
2207 2829 2322 2887 im-

588 2924 872 3002 possibile
903 2934 1030 2997 est:
1078 2923 1220 3001 quia
1258 2922 1683 3000 multiplicatio
1724 2941 1833 3000 per
1869 2942 2076 2982 omnes
2108 2943 2322 2982 nume-

589 3038 708 3091 rOS,
762 3038 900 3076 cum
947 3017 1170 3076 infiniti
1215 3017 1355 3089 sint,
1403 3025 1496 3076 est
1545 3016 1950 3095 impossibilis.
2038 3016 2180 3076 Non
2226 3026 2323 3077 est

591 3132 737 3190 ergo
770 3111 1041 3171 definitio
1072 3112 1225 3184 haec,
1256 3110 1362 3170 sed
1390 3110 1763 3189 hypothesis

676 3206 756 3265 B.
804 3206 994 3265 Recte
1042 3205 1287 3284 quidem
1334 3205 1525 3274 dicis3
1580 3214 1670 3264 est
1720 3214 1922 3264 autem
1967 3205 2322 3285 hypothesis

589 3301 694 3360 illa
725 3320 888 3360 vera.
975 3299 1136 3358 Vera
1175 3299 1424 3377 inquam
1469 3309 1581 3372 est,
1626 3298 1732 3358 sed
1773 3319 1896 3358 non
1933 3300 2319 3380 principium,

592 3396 734 3473 quia
784 3392 1272 3452 demonstrabilis
1313 3403 1423 3466 est,
1470 3403 1532 3452 et
1577 3393 1651 3451 ab
1694 3394 1939 3453 Hobbio
1986 3393 2144 3472 (cap.
2193 3395 2319 3454 xiii.

591 3499 704 3548 art.
762 3497 854 3561 12,
903 3487 1043 3547 libri
1091 3505 1179 3546 DE
1234 3487 1580 3563 CORPORE)
1643 3487 2094 3557 demonstrata;
2139 3488 2247 3547 sed
2285 3509 2323 3547 a

592 3583 945 3644 definitione
1004 3580 1274 3659 ejusdem
1344 3581 1611 3641 rationis
1677 3602 1786 3660 per
1842 3583 2321 3660 generationem,
