2462 4120
627 366 1150 410 MATHEMATICAE
1186 368 1588 410 HomERNAE.
1864 358 1977 410 221

255 508 411 568 basis
435 507 508 566 ab
526 506 753 577 basem,
780 504 870 580 (id
889 513 999 576 est,
1024 503 1303 563 diametri
1333 506 1494 565 basis
1519 507 1595 565 ad
1615 507 1981 566 diametrum
2052 525 2302 558 mALOGUS

253 602 414 662 basis
445 599 806 678 duplicata),
838 607 899 657 et
940 598 1280 657 altitudinis
1312 598 1433 658 DB
1482 601 1560 658 ad
1600 602 1982 661 altitudinem
2053 652 2064 663 ,
2141 594 2208 625 VI·
2274 649 2290 663 ,

254 695 389 756 DF.
478 694 634 752 Sunt
670 703 872 751 autem
919 701 1105 752 rectae
1148 691 1284 764 DF,
1342 691 1482 763 DB,
1537 693 1642 752 Du
1694 697 1982 754 continue

250 788 736 869 proportionales
759 787 954 866 (prop.
974 788 1054 863 x).
1114 787 1223 845 Est
1254 786 1441 864 igitur
1461 787 1619 846 basis
1652 790 1725 847 ab
1755 791 1982 862 basem,

251 895 321 943 ut
351 882 468 942 DF
500 882 578 941 ad
615 882 737 941 Du.
850 881 1252 959 Componitur
1300 900 1445 958 ergo
1497 882 1653 939 ratio
1707 883 1984 960 cylindri,

249 979 397 1039 facti
454 999 491 1038 a
541 977 941 1037 conversione
999 975 1164 1055 plani
1195 973 1319 1036 DG
1379 975 1543 1034 circa
1601 976 1987 1036 altitudinem

250 1073 566 1153 proprium
597 1071 736 1145 DB,
770 1071 848 1131 ad
891 1071 1233 1151 cylindrum
1263 1069 1494 1129 factum
1525 1091 1562 1130 a
1593 1072 1988 1131 conversione

251 1168 414 1228 circa
442 1167 828 1227 altitudinem
854 1167 1165 1246 propriam
1190 1164 1329 1238 DF,
1359 1186 1434 1224 ex
1477 1165 1815 1224 rationibus
1857 1167 1990 1225 alti-

250 1263 480 1323 tudinis
511 1261 630 1321 DF
663 1262 742 1321 ad
772 1262 895 1333 Du,
929 1271 989 1320 et
1026 1259 1145 1320 DB
1187 1259 1469 1319 diametri
1518 1260 1676 1319 basis
1720 1260 1798 1319 ad
1849 1260 1987 1333 DF,

250 1358 367 1417 hoc
398 1366 510 1430 est,
562 1366 750 1416 rectae
782 1356 889 1415 Du
933 1356 1010 1414 ad
1056 1354 1441 1414 altitudinem
1489 1353 1629 1413 DB.
1720 1355 1784 1413 Si
1830 1376 1990 1414 com-

251 1461 560 1531 ponantur
590 1472 735 1530 ergo
768 1452 926 1510 ratio
958 1450 1077 1509 BD
1109 1450 1186 1509 ad
1219 1450 1346 1522 Du,
1383 1449 1473 1525 (id
1502 1461 1613 1522 est,
1646 1450 1804 1508 ratio
1830 1450 1988 1509 basis

252 1547 327 1606 ab
358 1546 616 1622 basem),
649 1557 711 1605 et
740 1546 896 1604 ratio
930 1544 1050 1604 DB
1082 1544 1159 1603 ad
1183 1543 1321 1616 DF,
1353 1544 1415 1603 id
1460 1554 1571 1616 est,
1604 1543 1711 1602 Du
1739 1544 1817 1603 ad
1850 1544 1989 1618 DB,

253 1642 369 1700 erit
397 1640 552 1700 ratio
577 1640 835 1719 cylindri
864 1640 1011 1699 facti
1041 1660 1076 1698 a
1108 1639 1506 1698 conversione
1553 1639 1827 1717 ejusdem
1862 1659 1992 1698 rec-

251 1736 488 1814 tanguli
519 1733 641 1797 DG
675 1735 838 1794 circa
869 1734 1010 1808 DB,
1036 1735 1114 1793 ad
1145 1727 1487 1812 cylindrum
1517 1734 1747 1794 factum
1779 1755 1814 1792 a
1845 1755 1990 1793 con-

251 1831 528 1890 versione
560 1831 832 1910 ejusdem
865 1830 1209 1908 rectanguli
1253 1830 1416 1888 circa
1446 1828 1584 1902 DF,
1636 1829 1698 1887 in
1751 1829 1989 1888 ratione

251 1926 589 2004 composita
618 1945 692 1984 ex
721 1926 1060 1984 rationibus
1091 1924 1208 1984 DF
1234 1924 1310 1984 ad
1338 1924 1463 1995 Du,
1496 1934 1558 1983 et
1584 1923 1691 1983 Du
1720 1924 1798 1983 ad
1829 1922 1949 1982 DB
1974 1950 1987 1991 ;

251 2030 315 2079 et
342 2030 687 2099 propterea,
722 2020 1032 2099 cylindrus
1062 2020 1138 2079 ad
1181 2019 1544 2098 cylindrum,
1576 2028 1639 2078 et
1667 2018 1924 2097 proinde
1958 2029 1988 2093 ὲ

251 2113 412 2173 illius
443 2114 522 2174 ad
553 2114 582 2179 ἑ
613 2114 816 2193 hujuS,
850 2124 942 2173 est
985 2123 1050 2173 ut
1102 2112 1215 2172 DF
1268 2113 1347 2173 ad
1395 2111 1534 2173 DB.
1625 2112 1811 2173 Quod
1861 2121 1992 2172 erat

252 2208 814 2268 demonstrandum.

334 2301 411 2362 B.
458 2303 522 2362 Si
552 2314 787 2363 certum
819 2314 979 2363 esset
1022 2303 1186 2382 quod
1232 2303 1491 2381 cylindri
1535 2313 1678 2361 sunt
1721 2302 1882 2361 inter
1927 2322 1990 2361 se

253 2397 318 2456 in
347 2398 583 2458 ratione
613 2399 952 2477 composita
983 2419 1057 2458 ex
1096 2399 1434 2458 rationibus
1464 2398 1624 2456 basis
1655 2398 1733 2457 ad
1762 2399 1988 2469 basem,

253 2501 314 2551 et
359 2493 698 2552 altitudinis
728 2493 806 2552 ad
840 2493 1247 2565 altitudinem,
1290 2493 1559 2552 dubitari
1611 2513 1735 2551 non
1786 2502 1992 2571 posset

256 2585 332 2645 de
362 2587 756 2646 theorematis
803 2588 983 2666 hujus
1015 2588 1294 2648 veritate.
1385 2588 1508 2647 Sed
1564 2588 1671 2646 ubi
1731 2595 1824 2645 est
1875 2587 1991 2645 hoc

256 2679 737 2741 demonstratum
759 2683 779 2741 ἓ

340 2775 420 2834 Α.
467 2775 927 2836 Demonstravit
975 2776 1279 2847 Hobbius,
1326 2776 1481 2836 libro
1531 2794 1619 2835 DE
1672 2793 1989 2835 CORPORE

262 2867 418 2947 (cap.
467 2870 593 2942 xiii,
643 2881 756 2929 art.
820 2872 943 2945 14).
1034 2871 1215 2931 Quod
1268 2881 1451 2950 caput
1508 2871 1638 2949 ipse
1685 2869 1993 2928 Wallisius

255 2982 381 3022 non
410 2963 795 3042 improbavit,
828 2965 934 3024 sed
963 2965 1106 3043 quia
1134 2965 1285 3024 nihil
1324 2965 1387 3023 in
1434 2985 1505 3024 eo
1552 2965 1778 3044 reperit
1831 2963 1995 3042 quod

255 3056 456 3134 potuit
514 3058 748 3131 rodere,
799 3060 1028 3118 Hobbii
1075 3059 1263 3138 ipsius
1312 3079 1442 3118 esse
1489 3059 1755 3137 negavit.
1852 3058 1991 3117 Non

256 3150 417 3228 quod
443 3150 706 3210 alienum
730 3173 943 3212 revera
972 3174 1101 3213 esse
1124 3164 1391 3231 putaret,
1419 3153 1525 3212 sed
1548 3153 1690 3232 quia
1712 3153 1993 3211 instituto

257 3245 386 3322 ejus
415 3245 660 3303 mentiri
691 3247 1017 3324 expedivit.
1104 3249 1446 3307 Theorema
1477 3248 1595 3306 hoc
1640 3267 1760 3306 non
1810 3245 1992 3304 modo

258 3337 320 3396 in
352 3339 795 3417 quantitatibus
825 3340 1023 3414 factiS,
1062 3343 1168 3401 sed
1212 3343 1395 3402 etiam
1440 3343 1500 3401 in
1557 3342 1723 3401 omni
1768 3359 1990 3418 genere

257 3451 462 3491 rerum
505 3431 805 3492 factarum
847 3454 1058 3494 verum
1105 3446 1214 3496 est.
1304 3437 1520 3514 Neque
1573 3445 1702 3494 arte
1754 3434 1988 3511 logicae,

258 3525 366 3584 sed
389 3526 624 3585 ratione
657 3537 896 3586 tantum
937 3531 1200 3589 naturali
1245 3550 1396 3609 opus
1428 3540 1521 3588 est
1561 3530 1637 3589 ad
1670 3529 1986 3586 veritatem

259 3620 388 3697 ejus
437 3621 905 3698 agnoscendam.
1019 3623 1178 3683 Satis
1235 3626 1397 3684 enim
1445 3624 1830 3682 manifestum
1878 3630 1986 3690 est,
