2462 4120
266 490 514 524 DIALOGUS

378 558 430 589 ΙΙ.

279 615 514 644 ᾓ-Ὓ--κ

589 320 666 373 86
945 334 1391 380 EXAMINATIO
1426 338 1509 380 ET
1541 339 1953 382 EMENDA'rIo

674 471 757 532 Β.
803 472 969 534 Quid
994 473 1014 533 Ρ
1056 475 1228 535 Tune
1258 477 1578 556 sphaeram,
1603 499 1844 553 conum,
1875 487 1939 539 et
1968 477 2309 558 cylindrum

586 566 741 624 bene
799 566 1037 627 definiri
1093 569 1403 630 existimas
1459 591 1568 649 per
1623 580 1858 631 motum
1930 570 2310 644 semicirculi,

585 660 1154 740 parallelogrammi,
1226 672 1290 723 et
1354 664 1643 743 trianguli
1696 685 1877 745 super
1934 665 2312 744 quiescentes

585 753 772 814 axes?

667 846 746 909 A.
794 849 1066 910 Quidni?

669 943 750 1003 B.
795 943 894 1002 An
931 943 1243 1002 stellarum
1271 944 1529 1002 fixarum
1558 945 1656 1004 vel
1696 946 2019 1024 cujuslibet
2054 946 2315 1025 planetae

588 1038 888 1116 sphaeram
935 1037 1301 1115 descriptam
1356 1037 1542 1096 fuisse
1598 1048 1777 1116 putas
1828 1060 1865 1099 a
1921 1041 2316 1100 conversione

590 1133 953 1192 semicirculi
979 1132 998 1190 ?
1076 1131 1386 1204 Similiter,
1412 1151 1555 1191 axes
1584 1132 1804 1191 horum
1836 1153 2179 1212 corporum,
2210 1135 2316 1213 qui

590 1226 964 1286 definiuntur
1001 1227 1076 1285 ab
1118 1225 1369 1284 Euclide
1408 1246 1518 1304 per
1563 1235 1797 1285 rectam
1847 1226 2076 1286 lineam
2120 1228 2314 1307 quies-

590 1330 856 1389 centem;
901 1341 1106 1380 nonne
1137 1335 1279 1379 axes
1311 1329 1472 1392 sunt,
1500 1321 1883 1380 etiamsinon
1914 1321 2314 1400 quiescerent,

590 1416 696 1475 sed
726 1435 1087 1495 quocunque
1109 1413 1419 1474 ferrentur
1441 1435 1699 1494 corpora
1721 1416 1870 1494 ipsa,
1891 1435 2150 1494 quorum
2174 1434 2318 1476 axes

591 1520 752 1584 sunt,
782 1510 1086 1569 ferrentur
1114 1508 1276 1567 una?

672 1608 753 1664 A.
799 1605 891 1663 Tu
921 1605 1166 1663 firmum
1194 1603 1311 1662 hoc
1341 1613 1769 1682 argumentum
1800 1623 1930 1663 esse
1961 1602 2199 1664 credis?

677 1699 756 1758 B.
802 1700 913 1758 Ita.
993 1699 1074 1757 Et
1103 1697 1317 1756 eodem
1347 1717 1491 1757 usus
1521 1708 1615 1758 est
1644 1698 1973 1757 WallisiuS.

673 1794 752 1853 A.
798 1792 1190 1853 Professorne
1238 1791 1579 1852 Savilianus
1626 1792 2070 1872 reprehendere
2120 1791 2321 1851 Eucli-

591 1889 731 1949 dem
762 1906 941 1947 ausus
971 1885 1104 1946 est?

672 1985 753 2042 B.
802 1983 946 2041 Non
975 1980 1292 2040 Euclidem
1320 1980 1731 2060 reprehendit,
1763 1980 1871 2040 sed
1901 1980 2231 2040 Hobbium.

675 2077 755 2136 A.
799 2076 997 2135 Etiam
1031 2075 1368 2145 Euclidem,
1399 2075 1449 2134 si
1478 2075 1660 2135 modo
1698 2074 1915 2135 eodem
1957 2083 2320 2154 argumento

591 2181 804 2232 contra
831 2180 1160 2250 utrumque
1189 2171 1283 2229 uti
1311 2170 1532 2248 potuit.

677 2266 756 2325 B.
801 2267 967 2325 Esto,
1060 2264 1180 2324 Sed
1223 2284 1363 2324 cum
1411 2265 1635 2324 lineam
1682 2265 1992 2324 definisset
2042 2262 2323 2324 Hobbius

592 2381 720 2421 esse
761 2362 1051 2440 corporiS,
1093 2360 1266 2439 cujus
1307 2359 1476 2419 nulla
1522 2359 1946 2419 consideratur
1993 2358 2322 2437 quantitaS,

590 2456 743 2515 moti
772 2456 911 2515 via:
958 2453 1109 2535 quid
1147 2473 1299 2534 opus
1329 2461 1442 2526 est,
1485 2454 1686 2532 inquit
1713 2453 2039 2525 wallisius,
2082 2451 2325 2511 not-ione

592 2559 812 2623 motus,
870 2557 938 2608 ut
995 2548 1142 2628 quid
1187 2547 1272 2607 sit
1318 2546 1481 2606 linea
1538 2547 1990 2628 intelligatur?
2104 2545 2324 2604 Annon

594 2645 768 2705 lineae
798 2643 1048 2725 corpori
1079 2640 1407 2722 quiescenti
1446 2641 1667 2713 insunt,
1700 2641 1846 2700 &c.?
1935 2639 2169 2699 Pariter
2208 2657 2322 2717 ego

596 2739 733 2798 dico
764 2739 896 2813 tibi,
929 2737 1077 2818 quid
1106 2757 1258 2817 opus
1289 2746 1380 2796 est
1412 2735 1726 2796 nominare
1756 2743 2006 2808 motum,
2037 2742 2108 2793 ut
2149 2733 2327 2793 intel-

594 2833 820 2912 ligatur
872 2832 1019 2912 quid
1067 2832 1147 2891 sit
1193 2828 1474 2910 sphaera?
1559 2829 1784 2888 Annon
1831 2837 2034 2908 potest
2084 2827 2327 2906 concipi

597 2927 912 3006 quiescens
944 2925 1356 2986 semicirculus
1383 2924 1447 2984 in
1477 2922 1753 3002 sphaera?

682 3021 762 3080 A.
810 3021 874 3080 Si
914 3015 1015 3079 ille
1061 3020 1395 3092 Hobbium,
1444 3018 1627 3078 etiam
1673 3026 1742 3077 tu
1789 3017 2108 3077 Euclidem
2157 3025 2326 3076 recte

596 3114 1062 3195 reprehendisti.
1151 3114 1273 3174 Sed
1311 3113 1557 3173 errastis
1600 3112 1800 3183 amb0,
1839 3113 2181 3172 nescientes
2220 3130 2328 3170 na-

598 3223 801 3271 turam
832 3210 1219 3269 definitionis.
1252 3239 1257 3244 ·
1295 3210 1514 3269 Nonne
1546 3217 1688 3267 sunt
1719 3206 2103 3267 definitiones
2135 3205 2329 3265 scien-

597 3306 820 3367 tiarum
850 3303 1194 3383 principia?

685 3399 766 3459 B.
814 3399 990 3459 Sunt.

683 3492 759 3553 A.
803 3494 883 3553 Et
939 3492 1136 3553 omnis
1194 3491 1448 3553 scientia
1503 3510 1540 3550 a
1597 3488 1946 3568 cognitione
2009 3505 2326 3549 causarum

602 3585 973 3650 derivanda?
