2462 4120
558 391 650 433 DE
682 390 1188 433 MAGNITumNE
1224 391 1529 433 cmcum.
1785 381 1904 436 365

172 535 234 596 Q
259 560 274 603 ;
306 533 477 612 cujus
506 539 694 589 rectae
722 527 846 589 DQ
867 527 1237 607 quadratum
1261 529 1491 607 aequale
1517 538 1607 589 est
1637 550 1740 591 sex
1762 553 1909 612 qua—

172 627 362 688 dratis
390 646 428 685 a
456 622 781 684 semiradio
814 622 958 691 AG;
1004 642 1076 680 ac
1107 621 1366 700 proinde
1390 623 1585 700 ipsam
1615 624 1722 683 DE
1764 626 1912 686 duc-

171 731 319 792 tam,
351 717 647 797 aequalem
677 736 808 775 esse
850 716 1160 794 diagonali
1208 715 1490 794 quadrati
1536 720 1708 796 cujus
1752 721 1913 781 latus

173 825 269 875 est
299 811 401 875 Gk
426 811 525 872 vel
556 811 669 883 Fk,
703 830 963 889 quarum
991 809 1222 869 utravis
1252 819 1460 888 potest
1507 812 1756 889 triplum
1788 816 1916 892 ejus

174 907 342 988 quod
375 915 582 986 potest
622 905 761 965 AG.
848 905 1054 964 Etiam
1099 904 1379 983 (propter
1422 905 1680 964 eandem
1731 909 1916 968 ratio-

174 1003 342 1079 nem)
379 1000 679 1080 quadrata
724 999 930 1059 omnia
975 1009 1286 1058 rectarum
1333 999 1444 1070 SZ,
1474 999 1596 1073 Yb,
1629 1020 1752 1060 una
1782 1023 1920 1061 cum

174 1095 691 1176 consequentibus
750 1095 931 1154 simul
993 1095 1277 1155 omnibus
1343 1114 1456 1174 per
1514 1105 1746 1155 rectam
1808 1098 1921 1157 SM

176 1190 633 1262 scandentibuS‚
667 1188 847 1248 simul
877 1198 1141 1268 sumpta,
1171 1188 1408 1248 faciunt
1431 1188 1752 1250 dimidium
1777 1212 1924 1270 qua-

178 1285 342 1346 drati
372 1306 409 1345 a
437 1294 608 1344 recta
635 1285 737 1344 DS
765 1310 780 1353 ;
827 1295 888 1343 et
915 1283 1174 1363 proinde
1203 1283 1573 1363 quadratum
1604 1285 1769 1363 quod
1806 1286 1924 1347 illis

181 1379 464 1440 omnibus
495 1378 729 1458 aequale
760 1386 872 1450 est,
903 1397 1016 1457 pro
1047 1377 1239 1438 latere
1269 1378 1458 1438 habet
1488 1379 1755 1438 mediam
1784 1400 1926 1458 pro-

181 1475 589 1556 portionalem
618 1474 780 1532 inter
809 1472 911 1532 DS
936 1484 999 1533 et
1027 1472 1216 1553 ipsius
1247 1474 1579 1534 semissem.
1651 1474 1927 1535 Semissis

183 1579 393 1631 autem
422 1570 552 1649 ejus
582 1579 676 1629 est
705 1577 877 1628 recta
909 1569 1025 1628 Fu.

796 1759 1215 1801 PROPOSITIO
1249 1760 1317 1801 V.

274 1857 469 1917 Recta
497 1856 610 1917 AO
641 1866 734 1916 est
773 1857 977 1917 media
1018 1858 1496 1936 proportionalis
1539 1859 1699 1918 inter
1730 1859 1840 1919 AB
1871 1869 1934 1919 et

190 1965 455 2032 quatuor
489 1951 733 2031 quintas
773 1963 979 2031 partes
1028 1953 1218 2031 ipsius
1264 1954 1394 2012 AB.
1484 1954 1680 2014 Recta
1729 1965 1935 2014 autem

190 2047 295 2108 Ds
325 2046 527 2106 media
556 2056 648 2106 est
675 2047 1150 2125 proportionalis
1181 2048 1341 2108 inter
1359 2049 1469 2108 AB
1500 2059 1564 2108 et
1595 2049 1744 2109 duas
1764 2049 1940 2130 quin-

193 2153 288 2203 tas
313 2141 588 2221 ejusdem
618 2141 749 2201 AB.

278 2237 557 2297 Ducatur
586 2236 713 2307 AE,
746 2255 958 2295 secans
991 2236 1102 2296 RO
1133 2236 1197 2295 in
1228 2257 1268 2295 n
1296 2260 1309 2295 ι
1341 2237 1406 2296 in
1439 2257 1624 2316 quam
1661 2237 1942 2298 demitta-

195 2342 299 2392 tur
319 2331 840 2411 perpendicularis
868 2331 1001 2390 ΒΧ.
1062 2331 1225 2392 Quia
1247 2351 1393 2410 ergo
1423 2332 1734 2411 triangula
1757 2334 1941 2407 ABE,

196 2426 371 2485 AXB
401 2425 695 2504 angulum
723 2425 956 2484 habent
981 2425 1059 2484 ad
1083 2426 1139 2484 A
1171 2446 1581 2500 communem,
1603 2436 1665 2486 et
1688 2428 1946 2507 angulos

199 2519 280 2580 ad
311 2520 361 2579 B
392 2530 456 2579 et
483 2519 547 2578 X
575 2529 800 2591 rectOS,
825 2519 943 2578 erit
972 2530 1043 2578 ut
1076 2520 1182 2578 ΑΕ
1206 2520 1286 2579 ad
1309 2520 1440 2593 ΑΒ,
1465 2521 1553 2580 ita
1575 2522 1684 2581 AB
1709 2522 1787 2581 ad
1806 2522 1945 2581 AX.

205 2613 364 2673 Sunt
412 2632 558 2691 ergo
598 2614 727 2681 ΑΕ,
764 2613 890 2686 ΑΒ,
924 2614 1042 2672 ΑΧ
1097 2615 1390 2674 continue
1437 2617 1945 2695 proportionales,

204 2708 406 2767 Ducta
433 2717 638 2766 autem
671 2707 727 2765 X
723 2708 791 2787 f
808 2719 1055 2767 secante
1088 2709 1196 2768 AB
1227 2709 1292 2767 in
1314 2709 1383 2789 f
1399 2709 1479 2769 ad
1518 2711 1776 2789 angulos
1817 2730 1950 2769 rec-

205 2813 321 2874 tos,
380 2811 562 2860 erunt
620 2802 805 2861 etiam
863 2803 1084 2863 similia
1149 2805 1460 2882 triangula
1520 2806 1714 2877 AXB,
1746 2807 1801 2865 A
1795 2806 1862 2884 f
1867 2806 1948 2864 X.

209 2897 460 2956 Habent
491 2897 654 2955 enim
697 2898 990 2975 angulum
1019 2899 1097 2958 ad
1129 2900 1185 2958 A
1217 2919 1625 2973 communem,
1659 2911 1720 2960 et
1757 2921 1950 2980 angu-

207 2992 300 3050 los
330 2989 410 3049 ad
437 2989 499 3048 X
522 2990 657 3069 ets
674 3001 895 3050 rectos,
983 2994 1187 3053 Ducto
1220 2994 1412 3072 igitur
1432 3015 1578 3055 arcu
1578 2996 1681 3076 fh
1706 3005 1949 3055 secante

212 3084 321 3144 AC
368 3084 433 3143 in
477 3083 536 3155 h,
578 3094 759 3144 erunt
809 3095 934 3145 tres
977 3107 1154 3147 arcus
1196 3088 1315 3160 ΒΡ,
1364 3090 1482 3163 60,
1507 3090 1617 3170 fh
1663 3090 1950 3149 continue

211 3177 718 3258 proportionales.
807 3179 963 3239 Sunt
1004 3183 1188 3242 etiam
1231 3185 1522 3244 continue
1563 3185 1951 3263 proportion-

213 3273 338 3332 ales
369 3271 512 3343 ΒΜ,
538 3271 668 3343 ΑΒ,
693 3272 804 3343 Ro
836 3274 961 3333 sive
990 3275 1113 3337 DS.
1189 3278 1273 3337 Ut
1306 3298 1452 3356 ergo
1477 3298 1653 3337 arcus
1682 3278 1806 3348 BD,
1828 3278 1951 3335 sive

215 3379 384 3427 recta
429 3366 550 3424 ΒΜ
598 3366 677 3424 ad
714 3368 843 3440 AE,
892 3369 981 3428 ita
1022 3381 1115 3431 est
1161 3373 1476 3451 reciproce
1530 3373 1806 3451 (propter
1843 3371 1952 3429 AB

214 3460 479 3520 mediam
508 3460 571 3519 in
600 3470 861 3538 utroque
892 3463 1294 3542 analogismo)
1331 3467 1450 3525 AX
1484 3467 1562 3525 ad
1595 3467 1723 3525 RO.

301 3555 630 3614 Intervallo
663 3555 779 3614 AX
810 3556 1187 3636 intelligatur
1229 3560 1569 3639 descriptus
1598 3578 1773 3619 arcus
1808 3576 1955 3635 qua-

219 3650 474 3722 drantiS,
505 3669 717 3710 secans
765 3651 871 3710 AC
915 3653 1182 3721 alicubi;
1229 3655 1466 3731 eritque
1531 3664 1600 3713 ut
1647 3670 1822 3712 arcus
1846 3650 1954 3708 BD

1990 554 2129 586 PROP.
2159 553 2205 584 V.

1979 610 2214 639 5-52-—2
