2462 4120
449 380 564 432 264
980 395 1067 435 DE
1102 394 1381 436 NATURA
1413 394 1636 436 AERIS,

449 530 829 608 superficiem
886 533 1141 591 suctoris
1214 552 1545 591 convexam
1598 540 1660 590 et
1715 529 1971 609 cylindri
2030 547 2171 588 con⁴

451 645 680 695 cavam,
716 645 894 703 quem
928 626 1210 705 deinceps
1242 646 1484 685 cursum
1513 627 1736 684 habere
1767 624 2074 683 arbitratis
2101 623 2122 681 Ρ

535 718 613 776 Β.
663 718 918 778 Cursum
947 721 1148 791 habet,
1179 722 1396 799 primo,
1442 720 1773 779 secundum
1809 720 1999 777 lineas
2038 718 2171 776 illas

450 824 702 883 erectaS,
737 833 870 890 quae
905 815 1287 872 constituunt
1318 813 1577 892 cylindri
1606 813 1986 890 superficiem
2027 831 2172 870 con-

451 925 660 965 cavam
689 933 703 975 ;
752 907 989 977 deinde,
1019 928 1128 986 per
1157 909 1347 966 lineas
1380 928 1514 985 quae
1555 907 1934 966 constituunt
1963 925 2174 984 super-

448 1000 646 1059 ficiem
686 1001 987 1060 lacunaris
1029 1001 1286 1080 cylindri
1331 1001 1619 1079 ejusdem.
1707 1002 1920 1078 Itaque
1971 1009 2174 1078 partes

450 1094 605 1153 aeris
657 1094 1051 1172 ingredientis
1099 1114 1208 1172 per
1253 1094 1442 1152 lineas
1490 1104 1686 1152 rectas
1741 1094 2177 1152 diametraliter

451 1189 776 1266 oppositas,
803 1190 1209 1247 movebuntur
1239 1187 1625 1265 undiquaque
1650 1187 1913 1245 motibus
1938 1187 2176 1245 obviam

451 1283 792 1342 contrariis.
879 1282 1239 1341 Necessario
1286 1300 1431 1359 ergo
1472 1301 1534 1339 se
1582 1290 1794 1339 mutuo
1831 1291 2177 1358 prementes

452 1377 835 1435 conabuntur
862 1396 971 1454 per
1000 1376 1189 1434 lineas
1220 1375 1539 1433 interiores
1568 1399 1581 1442 ;
1629 1384 1691 1433 et
1730 1385 1981 1452 propter
2011 1393 2178 1452 pres-

451 1472 681 1529 sionem
713 1470 976 1548 undique
1009 1470 1318 1547 aequalem,
1344 1479 1578 1527 motum
1602 1468 1844 1547 quidem
1867 1469 2179 1527 habebunt

451 1564 513 1622 in
572 1574 853 1622 neutram
913 1573 1151 1642 partem
1210 1563 1576 1634 sensibilem,
1637 1573 1921 1621 conatum
1974 1571 2179 1621 autem

450 1658 874 1716 vehementem
920 1677 1300 1736 unaquaeque
1351 1677 1492 1735 pars
1534 1666 1747 1716 contra
1787 1665 2023 1735 partem
2065 1655 2179 1715 sibi

453 1762 891 1811 occurrentem.

539 1846 613 1905 A.
663 1845 927 1904 Necesse
972 1865 1116 1924 ergo
1169 1846 1304 1917 erit,
1352 1853 1421 1904 ut
1461 1853 1627 1903 totus
1669 1844 1769 1903 ille
1816 1864 1938 1917 aer,
1986 1844 2179 1903 donec

453 1940 673 1998 durent
697 1939 781 1998 illi
813 1950 1066 1998 conatus
1096 1939 1377 2018 oppositi,
1402 1939 1859 1997 consistentiam
1891 1939 2179 2016 majorem

449 2035 671 2092 habeat
702 2054 883 2111 quam
914 2034 963 2093 si
1003 2045 1205 2112 partes
1250 2035 1379 2111 ejus
1423 2033 1550 2092 solo
1599 2042 1885 2092 contactu
1927 2034 2180 2110 conjun-

453 2139 764 2207 gerentur.

538 2222 615 2281 B.
663 2223 746 2282 At
769 2243 965 2301 neque
990 2223 1261 2294 candela,
1282 2243 1479 2301 neque
1504 2223 1795 2281 carbones
1819 2223 1880 2281 in
1906 2221 2180 2300 cylindro

455 2318 734 2376 collocati
766 2329 928 2390 sunt,
961 2318 1067 2376 sed
1096 2319 1156 2376 in
1189 2319 1540 2396 recipiente.

536 2411 617 2472 A.
666 2412 824 2471 Scio.
890 2412 1009 2470 Sed
1038 2413 1232 2482 lineae,
1257 2432 1365 2489 per
1390 2431 1536 2489 quas
1563 2421 1761 2469 motus
1783 2409 2182 2489 ingredientis

454 2508 610 2566 aeris
669 2507 1084 2585 designantur,
1146 2517 1359 2585 aperto
1419 2506 1698 2577 transitU,
1755 2507 1820 2564 in
1875 2503 2184 2564 communi

454 2602 609 2660 ostio
663 2621 726 2660 se
779 2611 990 2659 mutuo
1051 2611 1277 2672 secant,
1329 2611 1388 2660 et
1437 2621 1547 2679 per
1594 2619 1990 2678 consequens,
2041 2599 2185 2658 licet

455 2698 692 2754 inverso
724 2695 954 2767 ordine,
1001 2705 1253 2753 conatus
1284 2696 1439 2754 aeris
1484 2695 1759 2753 similiter
1788 2693 2077 2772 procedet
2121 2692 2185 2751 in

455 2790 785 2868 recipiente
816 2799 997 2868 atque
1032 2789 1094 2847 in
1133 2789 1442 2867 cylindro;
1490 2789 1822 2866 eademque
1861 2787 1976 2846 erit
2019 2796 2188 2845 utro-

456 2885 638 2959 bique
668 2883 824 2942 aeris
855 2883 1268 2954 consistentia,
1301 2883 1501 2941 media
1543 2882 1818 2958 quaedam
1850 2882 2010 2940 inter
2040 2900 2187 2939 con-

459 2978 763 3037 sistentias
794 2978 950 3035 aeris
980 2978 1117 3055 puri
1148 2988 1209 3036 et
1247 2998 1439 3055 aquae.
1527 2977 1743 3055 Cogita
1787 2996 1953 3054 ergO,
2005 2995 2187 3053 quam

459 3073 537 3131 sit
567 3073 799 3130 naturis
830 3083 1038 3130 earum
1070 3072 1148 3130 ad
1178 3072 1493 3131 candelam
1522 3072 1620 3131 vel
1644 3072 1849 3150 ignem
1880 3071 1975 3130 vel
1999 3071 2188 3128 vitam

460 3167 829 3236 animalium,
863 3187 999 3242 quae
1036 3167 1249 3225 saltem
1280 3168 1470 3226 vitam
1509 3167 1897 3246 pulmonibus
1942 3165 2186 3236 debent,

461 3261 935 3339 extinguendam
980 3260 1070 3319 vis
1123 3261 1332 3320 similis
1380 3269 1823 3328 consentanea3
1886 3278 2187 3337 quamque

460 3355 866 3414 necessarium
898 3354 976 3412 sit
1000 3363 1224 3412 conatu
1254 3355 1356 3413 illo
1382 3354 1661 3413 circulari
1684 3354 1747 3412 in
1773 3354 1938 3412 omni
1959 3362 2187 3431 puncto

462 3439 810 3526 recipientis
843 3458 1072 3506 motum
1107 3448 1546 3521 vehementem,
1591 3468 1936 3526 quanquam
1983 3447 2188 3506 invisi-

463 3543 664 3614 bilem,
695 3543 845 3600 fieri.
937 3541 1130 3600 Simili
1159 3542 1340 3600 modo
1385 3543 1547 3601 circa
1574 3543 1716 3613 vim,
1769 3561 1887 3619 qua
1937 3540 2190 3600 candela

464 3639 876 3715 carbonesque
908 3636 1084 3715 igniti
1127 3637 1568 3714 extinguuntur
1598 3637 1661 3695 in
1701 3635 1942 3706 fodinis,
1996 3635 2186 3694 deter-
