2462 4120
613 352 689 403 64
965 364 1411 409 ΕΧΑΜΙΝΑΤῙΟ
1447 369 1529 409 ΕΤ
1563 369 1659 409 EM
1672 368 1756 408 EN
1768 367 1972 410 DATIo

302 518 554 552 D1AL0GUS
611 521 821 560 vocem
861 501 1104 564 unicam
1134 505 1371 565 definiri
1410 527 1533 566 non
1563 514 1804 584 potest:
1849 525 2045 585 neque
2085 507 2330 566 omnino

300 587 537 671 ,ἕξ-,μ
609 597 980 666 necessaria3
1025 599 1142 658 nisi
1180 600 1342 658 enim
1379 600 1882 658 intellexissemus
1912 600 2059 678 quid
2099 601 2176 660 sit
2205 609 2330 659 ter-

606 689 818 762 mium,
851 690 1078 751 frustra
1112 701 1270 752 esset
1301 693 1572 752 definitio
1602 693 1802 766 tertia,
1845 693 1948 753 ubi
1978 694 2126 754 dicit
2154 695 2331 754 lineae

606 784 895 843 terminos
923 804 1051 845 esse
1076 794 1328 866 puncta.

687 876 768 938 A.
813 877 1103 938 Definitio
1131 879 1366 939 decima
1389 886 1625 956 quarta,
1651 878 1782 939 haec
1806 888 1897 939 est
1917 907 1932 950 ;
1956 883 2186 963 figura
2214 890 2328 954 est,

603 991 736 1051 quae
784 971 896 1031 sub
946 973 1158 1052 aliquo
1209 972 1308 1032 vel
1355 971 1668 1051 aliquibus
1725 974 2003 1034 terminis
2056 995 2330 1056 compre-

602 1065 906 1125 henditur.
998 1068 1151 1128 Quae
1193 1066 1438 1147 quidem
1467 1086 1614 1126 vera
1642 1077 1753 1127 est.
1841 1069 2087 1129 Poterat
2125 1078 2330 1130 tamen

601 1159 764 1219 idem
813 1161 1054 1220 brevius
1106 1161 1245 1232 dici,
1302 1160 1656 1239 magnitudo
1706 1162 1994 1242 corporis
2044 1162 2123 1222 ab
2171 1164 2330 1223 omui

591 1254 1009 1333 partefiuita.

683 1347 760 1405 B.
809 1348 1024 1426 Neque
1052 1367 1197 1407 vero
1226 1347 1486 1425 intelligi
1513 1355 1734 1426 potest,
1782 1348 1861 1407 ad
1891 1349 2039 1427 quid
2067 1349 2329 1411 refertur

600 1441 922 1502 relativum
954 1462 1101 1521 quce,
1134 1441 1251 1501 nisi
1281 1441 1359 1500 ad
1388 1442 1894 1520 magnitudinem.
1979 1443 2329 1504 Absurdum

600 1536 764 1595 enim
803 1547 961 1596 esset
1000 1536 1220 1608 dicere,
1246 1536 1532 1616 figuram
1565 1555 1699 1594 esse
1723 1536 2011 1615 figuram
2050 1557 2188 1616 quoe
2215 1537 2328 1597 sub

599 1629 832 1710 alique,
863 1638 980 1689 etc.

685 1724 763 1785 A.
808 1723 1061 1783 Decima
1083 1723 1298 1801 quinta
1321 1731 1412 1782 est
1434 1749 1448 1791 ;
1493 1722 1764 1782 circulus
1786 1731 1881 1782 est
1883 1725 2113 1803 figura
2122 1724 2328 1804 plana

597 1816 709 1876 sub
738 1839 857 1877 uua
886 1817 1047 1877 linea
1077 1816 1532 1898 comprehensa,
1565 1838 1698 1896 quoe
1715 1817 2088 1897 peripheria
2115 1819 2330 1898 appel-

599 1910 771 1970 latur
789 1934 812 1978 ;
857 1911 946 1970 ad
970 1931 1150 1991 quam
1193 1910 1271 1970 ab
1300 1931 1415 1969 uuo
1453 1918 1679 1991 puncto
1725 1930 1932 1970 eorum
1973 1932 2109 1991 quoe
2154 1912 2327 1972 iutra

579 2006 867 2085 figuram
913 2013 1052 2064 suut
1083 2005 1324 2085 posita,
1369 2004 1654 2064 cadentes
1694 2024 1897 2063 omues
1934 2013 2123 2064 rectce
2151 2005 2329 2067 lineoe

600 2098 764 2158 iuter
792 2119 860 2157 Se
882 2107 1020 2158 suut
1044 2098 1333 2179 oequuZeS.
1419 2098 1708 2158 Definitio
1731 2099 1883 2171 haec,
1917 2100 2030 2158 etsi
2052 2118 2197 2159 vera
2225 2101 2324 2173 sit,

600 2201 664 2251 et
703 2192 919 2251 modus
959 2192 1340 2252 describendi
1379 2192 1675 2252 circulum
1715 2192 1842 2251 sine
1876 2207 2326 2270 geometrarum

599 2307 715 2365 ope
745 2287 889 2346 satis
920 2287 1222 2366 cognituS,
1261 2306 1373 2365 pro
1404 2295 1690 2346 accurata
1725 2295 1930 2346 tamen
1960 2287 2172 2346 haberi
2199 2307 2325 2347 non

599 2380 799 2440 debet.
887 2381 1116 2440 Debuit
1162 2381 1324 2440 enim
1373 2379 1711 2440 ostendisse
1761 2381 1928 2458 prius
1977 2381 2324 2460 hujusmodi

596 2476 808 2553 figurae
839 2474 1356 2534 constructionem
1394 2474 1519 2534 sive
1554 2474 2014 2553 generationem
2045 2495 2324 2554 quaenam

597 2579 774 2642 esset,
804 2578 875 2629 ut
897 2569 1185 2628 sciremus
1209 2569 1473 2648 aliquam
1495 2569 1561 2628 in
1590 2588 1794 2628 rerum
1818 2578 2037 2628 natura
2062 2569 2323 2648 figuram

595 2683 746 2737 esse,
777 2664 843 2723 in
872 2683 993 2741 qua
1031 2663 1107 2723 ab
1135 2663 1317 2723 unico
1347 2671 1575 2743 puncto
1615 2662 1695 2722 ad
1732 2663 1943 2741 figurae
1982 2672 2323 2722 extremum

595 2778 806 2818 omnes
844 2758 1247 2837 undequaque
1289 2759 1468 2818 lineae
1507 2767 1708 2817 essent
1749 2757 1912 2816 inter
1946 2776 2009 2816 se
2037 2758 2320 2835 aequales,

597 2851 779 2913 Quod
810 2852 1055 2930 quidem
1083 2853 1218 2926 illis,
1251 2853 1356 2931 qui
1384 2871 1698 2930 nunquam
1735 2850 2030 2911 circulum
2060 2850 2321 2912 describi

594 2946 895 3019 viderant,
924 2945 1117 3030 videri
1145 2957 1351 3024 posset
1378 2945 1753 3006 incredibile.

675 3040 758 3100 B.
805 3039 1130 3100 Quomodo
1162 3049 1366 3100 autem
1391 3039 1769 3101 definiendus
1797 3047 1889 3098 est
1918 3038 2179 3099 circulus
2208 3058 2319 3118 per

594 3133 1048 3214 generationem
1073 3133 1093 3191 ἓ

675 3227 754 3290 Α.
803 3227 1085 3287 Circulus
1126 3236 1221 3286 est
1241 3229 1471 3309 figura
1516 3227 1839 3307 descripta
1870 3245 1998 3306 per
2029 3225 2224 3299 lineae,
2253 3226 2316 3285 in

580 3321 778 3404 plano
824 3321 1147 3381 emisteutis
1190 3330 1251 3380 et
1292 3323 1462 3400 cujus
1503 3342 1656 3381 uuus
1699 3321 1993 3380 terminus
2039 3320 2315 3400 quiescit,

594 3416 1178 3478 circumductionem.
1266 3416 1405 3476 Qua
1433 3415 1721 3476 methodo
1761 3414 2089 3474 definiendi
2122 3414 2316 3473 utitur

593 3512 777 3571 etiam
834 3510 1117 3571 Euclides
1175 3509 1240 3569 in
1298 3509 1650 3571 definitione
1707 3508 1985 3591 splioeroe,
2043 3508 2195 3583 coui,
2253 3516 2314 3567 et

590 3605 877 3684 cylindri.
