2462 4120
795 403 885 444 DE
920 403 1201 446 NATURA
1236 404 1466 448 AERIS.
1866 395 1986 450 265

252 542 473 602 minari
537 541 911 620 (quanquam
970 542 1420 620 phaenomenon
1479 543 1631 602 illud
1704 556 1987 605 constans

252 656 376 695 non
409 636 513 712 sit)
548 656 585 695 a
615 636 850 695 ratione
881 636 1147 695 alienum
1176 657 1301 696 non
1333 645 1443 709 est,
1485 648 1544 696 et
1591 638 1791 699 dicere
1823 642 1989 718 quod
2023 624 2029 638 ‘

250 729 578 808 aliquando
625 749 748 803 aer,
796 750 828 789 6
859 731 1196 809 parietibus
1243 730 1468 789 fodinae
1508 733 1582 790 ab
1617 735 1782 792 omni
1812 735 1989 794 simul

250 833 426 902 parte
484 824 740 895 efflatUS,
799 824 1214 883 velocissimus
1265 833 1326 883 et
1376 826 1669 903 oppositis
1727 829 1991 887 motibus

251 917 524 977 fodinam
563 918 833 997 impleat.
938 919 1099 978 Nam
1145 918 1359 978 eadem
1411 920 1616 978 omnia
1666 931 1993 999 sequentur

253 1033 388 1092 quae
416 1013 478 1072 in
511 1013 864 1092 recipiente.
970 1013 1322 1072 Mirandum
1374 1013 1563 1092 igitur
1609 1034 1734 1072 non
1788 1026 1898 1088 est,
1944 1017 1994 1075 si

253 1108 504 1167 effectus
535 1108 658 1166 sint
687 1107 1012 1185 utrobique
1043 1108 1288 1167 similes.

340 1203 419 1262 B.
464 1203 737 1262 Extincti
756 1203 942 1262 semel
965 1204 1261 1263 carbones
1288 1223 1397 1262 cur
1415 1202 1832 1263 reviviscunt?
1919 1205 1997 1264 Et

254 1306 596 1356 cessantem
656 1298 842 1357 semel
891 1298 1082 1357 vitam
1142 1297 1449 1378 quomodo
1502 1296 1809 1375 recipiunt
1868 1299 1996 1357 ani-

253 1391 437 1450 malia
457 1390 478 1449 ?

339 1485 420 1546 A.
466 1486 558 1545 De
592 1506 663 1545 ea
688 1506 753 1546 re
781 1487 928 1566 quid
961 1487 1232 1546 sentiunt
1251 1487 1441 1546 vestri
1466 1486 1487 1546 ?

339 1581 421 1640 B.
467 1581 659 1640 Fuere
691 1602 902 1640 eorum
942 1581 1149 1660 aliqui,
1183 1582 1287 1659 qui
1318 1580 1682 1640 remansisse
1714 1580 2000 1641 dixerunt

254 1675 315 1734 in
351 1676 715 1735 carbonibus
746 1677 882 1749 illis,
925 1696 1275 1755 quanquam
1328 1675 1584 1758 extincti
1613 1674 1999 1748 videbantur,

253 1771 583 1849 particulas
618 1771 908 1850 quasdem
940 1774 1173 1850 igneaS,
1207 1791 1343 1849 quae
1388 1770 1654 1830 admisso
1686 1791 1825 1829 aere
1855 1790 2002 1829 ven-

253 1865 447 1925 tilatae
477 1876 765 1925 caeteram
788 1867 1011 1926 molem
1043 1867 1242 1925 denuo
1268 1865 1702 1925 accenderunt.

337 1957 414 2020 A.
460 1961 576 2020 Nae
605 1961 712 2033 illi,
747 1982 884 2039 quae
908 1961 1204 2033 dicerent,
1230 1981 1353 2019 non
1372 1960 1660 2019 videntur
1679 1959 2001 2037 cogitasse,

256 2056 362 2116 sed
414 2056 661 2115 sortitos
714 2076 863 2116 esse.
954 2055 1221 2115 'Credin'
1275 2053 1364 2127 tu,
1395 2054 1456 2113 in
1500 2055 1763 2114 carbone
1805 2054 2003 2133 ignito

254 2160 491 2229 partem
518 2151 783 2230 aliquam
814 2173 941 2212 non
972 2152 1320 2222 carbonem,
1353 2149 1461 2208 sed
1491 2150 1695 2228 ignem
1721 2169 1869 2222 esse,
1895 2159 2004 2208 aut

255 2246 319 2305 in
350 2245 652 2305 candente
682 2246 845 2305 ferro
881 2255 1121 2325 partem
1152 2246 1350 2304 inesse
1394 2243 1560 2322 quod
1607 2244 1838 2303 ferrum
1877 2264 2003 2304 non

259 2341 357 2419 sit,
382 2341 490 2400 sed
519 2341 677 2420 ignis
703 2341 722 2399 ἓ
810 2343 907 2400 Ab
934 2342 1114 2420 unica
1145 2340 1412 2400 scintilla
1442 2360 1681 2418 magnae
1711 2340 1879 2399 urbis
1911 2341 2004 2399 in-

259 2435 542 2495 cendium
572 2437 743 2495 nasci
794 2446 1017 2516 potest.
1105 2436 1297 2515 Atqui
1342 2436 1392 2494 si
1442 2435 1602 2513 ignis
1656 2455 1877 2514 corpus
1927 2436 2002 2494 ab

260 2531 453 2609 ignito
506 2531 812 2591 diversum
843 2532 941 2604 sit,
975 2551 1100 2590 non
1125 2531 1330 2610 plures
1360 2540 1616 2609 potuere
1643 2550 1774 2589 esse
1798 2540 2004 2609 partes

258 2627 454 2705 igneae
484 2628 546 2687 in
571 2638 703 2687 toto
734 2628 1038 2701 incendio,
1073 2648 1256 2707 quam
1286 2627 1351 2686 in
1372 2647 1496 2686 una
1520 2626 1624 2685 illa
1655 2625 2002 2685 scintillula.

259 2721 551 2781 Videmus
592 2743 852 2801 corpora
882 2723 1264 2782 diversorum
1294 2741 1591 2800 generum
1621 2741 1657 2779 a
1686 2721 1821 2779 luce
1863 2720 2004 2779 solis

260 2825 388 2875 tam
415 2836 525 2894 per
554 2817 984 2877 refractionem
1018 2837 1195 2895 quam
1218 2837 1329 2896 per
1347 2817 1762 2875 reflectionem
1781 2816 2006 2874 factam

261 2910 325 2968 in
378 2910 636 2988 speculis
690 2913 1190 2971 comburentibus
1239 2911 1493 2970 accendi
1542 2931 1761 2989 posse;
1806 2930 2005 2988 neque

262 3015 468 3064 tamen
501 3025 847 3083 quenquam
889 3026 1019 3066 esse
1068 3006 1272 3079 cred0,
1306 3006 1409 3084 qui
1459 3014 1635 3084 putet
1675 3005 2006 3084 particulas

263 3099 494 3177 igneas,
525 3119 561 3158 a
592 3100 717 3158 sole
757 3102 999 3179 ejectas,
1033 3103 1293 3162 transire
1341 3121 1520 3180 posse
1561 3119 1671 3178 per
1726 3100 2005 3158 substan-

266 3194 415 3252 tiam
450 3193 682 3272 globuli
712 3195 1047 3255 cristallini.
1138 3197 1209 3255 In
1262 3215 1401 3254 aere
1447 3194 1812 3254 intermedio
1849 3192 2006 3270 ignis

264 3287 466 3346 nullus
497 3297 608 3346 est.
696 3288 906 3348 Motus
937 3301 1143 3349 autem
1173 3291 1237 3349 in
1268 3290 1545 3368 partibus
1582 3286 2005 3347 minutissimis

267 3382 538 3460 corporis
584 3383 1046 3456 combustibiliS,
1092 3386 1142 3444 si
1190 3386 1328 3444 talis
1377 3385 1456 3444 sit
1505 3394 1573 3443 ut
1623 3393 1827 3462 partes
1873 3380 2008 3438 illas

266 3477 532 3535 minutas
559 3476 646 3534 ita
670 3475 922 3554 dissipet
953 3486 1013 3537 et
1044 3478 1307 3556 disjiciat
1336 3488 1404 3537 ut
1435 3498 1632 3537 aerem
1655 3476 1734 3536 ad
1763 3474 2006 3534 oculum

269 3571 414 3629 satis
443 3570 686 3628 fortiter
725 3581 989 3642 moveat,
1014 3571 1213 3632 ideam
1244 3573 1405 3651 ignis
1436 3572 1638 3643 faciet,
1671 3589 1794 3628 non
1831 3567 2006 3625 aliter

268 3685 450 3743 quam
498 3664 674 3723 oculo
706 3665 1096 3725 vehementer
1135 3688 1426 3746 percusso
1450 3668 1545 3726 vel
1590 3666 1808 3725 fricato
1862 3659 2006 3720 oriri
