2462 4120
532 357 611 409 40
891 366 1337 409 ExAMlNA'rlo
1372 369 1455 410 ET
1487 369 1897 411 EMENDATIo

212 530 460 562 mAtocus
533 504 794 564 Abunde
841 524 987 583 ergo
1032 506 1270 579 sufficit,
1302 506 1351 565 si
1381 506 1444 564 in
1474 507 1806 566 Elementis
1835 505 2106 566 Euclidis
2136 524 2259 563 non

330 598 361 628 ¹·
534 599 739 659 omnia
780 599 1158 659 theoremata
1204 601 1696 660 demonstrentur
1726 598 2261 660 demonstrationi-

531 695 645 753 bus
673 713 748 755 τοῦ
772 705 911 763 διάγω
952 694 1017 753 id
1046 704 1157 767 est,
1204 695 1424 754 sufficit
1463 696 1513 754 si
1551 695 1670 755 alia
1708 697 1837 775 ejus
1882 695 2263 755 theoremata

534 787 796 847 sciamus
841 807 971 847 esse
999 807 1161 861 vera,
1193 789 1311 847 alia
1349 809 1428 848 an
1455 809 1601 848 vera
1628 789 1750 849 sint
1777 808 1988 861 necne,
2031 780 2263 847 nescia-

533 901 689 942 mus,
783 881 880 940 An
932 881 1283 959 geometriae
1331 881 1639 961 professor
1688 882 1944 942 idoneus
1997 889 2107 954 est,
2159 878 2264 957 qui

535 995 752 1054 neque,
782 985 852 1034 ut
881 984 1023 1034 ante
1055 975 1450 1050 ostendimus,
1481 976 1597 1035 scit
1644 996 1780 1055 quae
1811 976 1934 1035 sint
1960 974 2121 1034 illius
2151 972 2267 1031 sci-

535 1070 715 1130 entiae
743 1069 1061 1148 principia,
1093 1089 1311 1147 neque,
1356 1078 1427 1129 ut
1476 1079 1731 1148 apparet
1768 1070 1887 1128 hoc
1931 1069 2089 1139 loc0,
2119 1065 2267 1145 quid

536 1165 613 1224 sit
658 1163 1100 1235 demonstrare,
1147 1163 1212 1221 id
1262 1173 1372 1236 est,
1405 1163 1552 1241 quid
1598 1163 1676 1223 sit
1711 1162 1985 1222 docere?
2072 1161 2268 1220 Miror

537 1258 641 1336 qui
661 1257 891 1317 factum
921 1256 1018 1328 sit,
1038 1265 1108 1315 ut
1137 1256 1492 1316 cathedram
1521 1265 1738 1316 nactus
1770 1256 1850 1315 sit
1879 1255 2266 1315 Savilianam.

620 1352 700 1410 B.
748 1351 1047 1422 Fortasse,
1081 1350 1243 1429 quod
1273 1351 1336 1409 in
1358 1350 1800 1429 professoribus
1830 1348 1948 1408 illis
1973 1347 2270 1427 eligendis

535 1445 865 1524 plurimum
887 1443 1200 1522 potuerint
1220 1445 1508 1523 suffragia
1528 1444 1866 1516 hominum,
1889 1462 2014 1502 non
2036 1442 2270 1501 mathe-

538 1538 920 1609 maticorum,
952 1536 1061 1596 sed
1090 1538 1535 1616 theologorum.

625 1634 704 1693 A.
755 1632 961 1693 Quid?
1012 1633 1360 1711 Theologiae
1384 1633 1668 1693 doctores
1697 1652 1900 1693 nonne
1932 1629 2274 1690 didicerant

539 1729 800 1806 logicam
827 1727 846 1785 ?
934 1728 1093 1786 Nam
1126 1748 1361 1787 errores
1401 1729 1466 1787 hi
1495 1748 1620 1786 non
1649 1728 1930 1787 oriuntur
1963 1746 2000 1785 a
2029 1723 2274 1784 defectu

539 1822 910 1901 geometriae,
937 1821 1043 1880 sed
1065 1821 1299 1901 logicae.
1380 1821 1560 1881 Unde
1583 1832 1788 1881 autem
1813 1818 2274 1880 commendatus

542 1924 634 1976 est
662 1915 966 1994 theologis
993 1915 1012 1973 Ξ

621 2011 704 2070 B.
751 2010 933 2069 Nosti
985 2030 1106 2089 quo
1161 2019 1434 2088 tempore
1486 2010 1842 2088 eligebatur,
1901 2006 2160 2066 multum
2210 2006 2275 2064 in

541 2104 787 2163 civitate
816 2114 1028 2163 nostra
1055 2105 1328 2182 potuisse
1370 2124 1493 2176 eOS,
1535 2105 1641 2183 qui
1671 2102 1941 2163 ecclesiae
1981 2100 2275 2179 regimen,

541 2199 606 2257 in
657 2198 864 2269 sacriS,
917 2199 1299 2278 presbyterio
1351 2199 1788 2277 adjudicabant
1813 2224 1828 2266 ;
1874 2197 2045 2275 cujus
2094 2204 2278 2254 sectae

542 2302 636 2352 est
691 2292 1021 2351 Wallisius,
1119 2293 1420 2351 Praeterea
1482 2290 1963 2352 commendatior
2018 2288 2279 2348 fortasse

544 2395 675 2446 erat
704 2394 956 2465 propter
986 2395 1180 2446 artem
1211 2387 1629 2465 symbolicam.

626 2479 708 2539 A.
753 2479 969 2561 Igitur
1019 2488 1086 2539 ut
1135 2501 1261 2539 rem
1313 2489 1499 2539 totam
1544 2479 1881 2540 dilucidius
1928 2476 2278 2558 expediam,

546 2584 677 2634 tres
706 2574 1068 2654 proesertim
1100 2574 1682 2633 demonstrationum
1718 2570 2281 2632 mathematicarum

545 2670 672 2728 sive
693 2667 917 2740 modos,
941 2667 1067 2726 Sive
1079 2667 1348 2748 graduS,
1372 2668 1496 2726 sive
1511 2667 1747 2747 Species
1767 2674 1995 2726 statuo,
2069 2663 2283 2723 Prima

549 2762 784 2842 quidem
813 2771 906 2821 est
936 2761 1052 2821 illa
1077 2762 1535 2833 demonstratio,
1566 2782 1690 2840 quoe
1715 2781 1835 2841 per
1866 2757 2283 2819 deductionem

549 2858 639 2917 ad
673 2855 1008 2915 absurdam
1054 2876 1159 2914 seu
1199 2853 1573 2934 impossibile
1600 2853 2133 2934 procedit—Scis
2177 2851 2282 2911 de-

547 2949 930 3010 monstrandi
948 2958 1140 3027 genus
1158 2949 1427 3008 hocloco
1453 2949 1573 3007 dici
1593 2949 1815 3008 ducere
1834 2948 1913 3007 ad
1930 2946 2282 3020 absurdum,

550 3045 694 3124 quia
718 3043 890 3103 ducit
913 3043 991 3102 ad
1014 3043 1552 3103 contradictoriam
1575 3042 2005 3121 propositionis
2029 3042 2285 3120 alicujus

550 3150 694 3199 ante
719 3138 1151 3198 demonstratae
1171 3139 1473 3198 ostensive
1496 3160 1510 3206 ;
1556 3147 1618 3197 et
1643 3137 1889 3215 quidem
1907 3156 2017 3215 per
2037 3136 2286 3196 demon-

553 3233 911 3294 strationem
942 3248 1020 3291 τοῦ
1046 3243 1168 3291 διότι.

633 3326 712 3388 Β.
760 3326 938 3394 Scio;
984 3335 1046 3385 et
1075 3325 1330 3404 proinde
1372 3326 1686 3384 theorema
1722 3326 1974 3400 nullum,
2018 3324 2182 3403 quod
2211 3344 2287 3384 ex

552 3420 865 3500 principiis
900 3419 1251 3479 immediate
1293 3419 1767 3494 demonstratur,
1801 3420 2287 3480 demonstratum

556 3515 678 3575 dici
706 3524 908 3594 potest
937 3534 1046 3592 per
1077 3513 1496 3573 deductionem
1526 3513 1615 3572 ad
1639 3513 1989 3574 absurdum.

641 3610 719 3670 A.
768 3609 890 3670 Qui
916 3608 1423 3668 demonstraverit
1449 3609 1929 3687 propositionem
1960 3625 2288 3686 quamcun-
