2462 4120
790 350 877 392 DE
912 348 1193 392 NATURA
1224 349 1449 391 AERIs.
1856 334 1978 401 277

251 511 400 573 pore
447 489 668 549 visibili
715 498 776 550 et
822 509 963 549 aere
1008 509 1288 562 vacuum,
1336 508 1460 547 non
1509 488 1684 548 facile
1730 511 1976 552 conces-

253 587 453 647 serim.
538 583 841 644 Videntur
871 584 1034 643 enim
1061 583 1212 642 mihi
1252 592 1383 642 tum
1413 582 1814 659 DemocrituS,
1844 595 1976 648 tum

253 683 567 762 EpicuruS,
599 680 685 738 sic
715 679 1100 739 intellexisse.

336 776 416 835 A.
463 774 528 833 Si
567 794 676 853 per
700 794 961 834 vacuum
992 772 1140 852 quid
1178 772 1266 832 illi
1305 772 1734 833 intellexerunt
1773 796 1809 834 a
1839 775 1979 835 doc-

250 870 414 929 trina
452 869 720 928 Lucretii
758 868 1158 949 judicandum
1189 876 1301 940 est,
1348 867 1509 928 idem
1551 868 1980 930 intellexerunt

254 963 418 1044 quod
475 983 610 1043 ege,
661 984 901 1043 nempe,
953 965 1155 1023 locum
1202 962 1368 1022 omni
1420 982 1672 1040 corpore
1723 984 1980 1024 vacuum

251 1058 474 1118 visibili
503 1068 564 1117 et
593 1059 898 1119 invisibili.
973 1058 1094 1118 Sed
1125 1067 1187 1118 et
1216 1058 1304 1116 illi
1331 1077 1454 1117 non
1473 1056 1765 1138 plenistoe
1791 1059 1979 1132 fuere,

254 1153 361 1213 sed
387 1154 692 1214 vacui-§tm

355 1248 671 1307 Hactenus
730 1247 805 1307 de
862 1256 1082 1308 natura
1137 1246 1310 1306 aeris.
1422 1246 1833 1307 Transeamus
1905 1249 1984 1308 ad

255 1363 492 1422 aquam.
555 1344 619 1402 Si
647 1344 708 1402 in
738 1343 974 1422 pelvem
1003 1342 1287 1402 infundas
1318 1363 1559 1420 aquam,
1586 1353 1648 1401 et
1678 1342 1742 1400 in
1765 1362 1984 1421 aquam

258 1447 637 1517 segmentum
667 1439 854 1517 panni
886 1439 1046 1497 lanei
1088 1438 1436 1516 oblongum,
1468 1438 1640 1513 cujus
1683 1457 1823 1515 pars
1863 1458 1986 1496 una

258 1533 322 1591 in
352 1553 569 1611 aquam
600 1532 677 1591 sit
707 1533 1008 1603 immersa,
1042 1532 1233 1590 altera
1263 1543 1436 1591 extra
1464 1532 1701 1610 pelvem
1731 1551 1988 1609 propen-

259 1627 420 1699 deat,
445 1647 602 1705 aqua
619 1647 890 1705 pannum
910 1627 1077 1684 illum
1101 1626 1394 1704 paulatim
1419 1625 1752 1685 ascendens
1783 1626 1990 1684 made-

257 1721 442 1781 faciet
478 1741 665 1799 usque
705 1720 784 1780 ad
832 1720 1024 1798 pelvis
1066 1720 1342 1778 labrum:
1389 1730 1451 1779 et
1504 1720 1803 1799 siquidem
1848 1740 1989 1798 pars

260 1837 396 1895 quae
426 1825 517 1875 est
546 1826 718 1875 extra
745 1815 1003 1894 pelvem,
1034 1815 1413 1894 propendeat
1451 1815 1611 1874 infra
1649 1835 1822 1893 aquae
1854 1835 1991 1894 quae

260 1922 354 1971 est
385 1912 446 1970 in
476 1911 647 1990 pelve
678 1911 1077 1989 superficiem,
1109 1931 1267 1989 aqua
1302 1911 1602 1970 decurret.
1692 1911 1993 1971 Quaenam

259 2007 438 2085 hujus
470 2007 720 2064 effectus
751 2025 787 2063 a
817 2005 1065 2083 collegis
1095 2005 1214 2064 tuis
1247 2024 1427 2064 causa
1457 2004 1774 2064 redditur?

348 2101 428 2161 B.
475 2100 643 2159 Nihil
682 2099 757 2158 de
811 2119 882 2158 ea
927 2119 992 2158 re
1039 2099 1243 2158 audivi
1289 2100 1605 2171 hactenuS‚
1658 2100 1777 2158 nisi
1829 2096 1995 2177 quod

262 2197 710 2276 phaenomenon
753 2195 890 2268 hoc,
927 2204 988 2253 et
1026 2193 1177 2252 illud
1227 2194 1486 2253 alterum
1535 2194 1802 2273 siphonis
1852 2193 1996 2253 flexi

265 2291 388 2351 sive
417 2290 665 2362 bicruri,
699 2309 943 2348 causam
972 2289 1241 2348 habeant
1273 2288 1548 2348 eandem.

351 2385 429 2445 A.
477 2384 550 2444 Id
587 2403 733 2442 vero
779 2383 1152 2462 impossibile
1198 2392 1308 2442 est.
1397 2383 1556 2442 Nam
1606 2384 1670 2442 in
1721 2384 1995 2462 siphone,

264 2479 383 2538 nisi
411 2479 590 2538 ambo
623 2497 801 2537 crura
831 2497 990 2556 aqua
1018 2477 1406 2556 impleantur,
1433 2498 1589 2556 aqua
1621 2498 1652 2536 e
1682 2478 1842 2556 pelvi
1871 2498 1998 2536 non

267 2573 570 2633 ascendet.
643 2572 1031 2632 Ascensionis
1062 2592 1246 2631 causa
1279 2572 1342 2631 in
1371 2593 1642 2651 pannum
1672 2583 1764 2632 est
1794 2581 1996 2632 motus

265 2669 366 2728 ille
395 2677 730 2727 terrearum
755 2677 1099 2726 atomorum
1127 2687 1262 2745 quae
1292 2687 1468 2746 aquae
1499 2668 1804 2747 contiguae
1834 2676 1997 2739 sunt,

269 2772 491 2835 motuS,
543 2763 813 2840 inquam,
865 2762 1177 2822 circularis
1228 2762 1505 2841 simplex,
1564 2764 1692 2822 aeri
1747 2763 1811 2821 in
1876 2782 1997 2840 quo

269 2868 590 2918 moventur
619 2857 1138 2917 communicatus:
1185 2878 1320 2936 quae
1364 2858 1554 2917 atomi
1600 2878 1819 2938 aquam
1857 2857 1998 2916 feri-

272 2962 443 3013 entes
512 2952 575 3011 in
646 2952 965 3011 materiam
1035 2953 1275 3012 laneam
1345 2953 1672 3025 incutiunt,
1742 2952 1999 3010 incussae

273 3056 475 3108 autem
506 3048 696 3125 magis
727 3048 1040 3127 magisque
1074 3048 1500 3121 madefaciunt,
1535 3048 1728 3107 donec
1759 3045 2002 3105 madida

273 3151 408 3202 tota
436 3142 530 3200 sit.
637 3141 790 3200 Cum
838 3162 982 3201 vero
1030 3151 1161 3202 tota
1212 3141 1456 3201 madida
1500 3142 1702 3213 fuerit,
1754 3149 1901 3200 tunc
1951 3138 2002 3196 si

274 3255 415 3314 pars
453 3235 639 3313 panni
680 3245 851 3294 extra
888 3237 1127 3314 pelvem
1169 3237 1485 3316 superficie
1532 3257 1705 3314 aquae
1752 3255 1887 3313 quae
1938 3233 2000 3290 in

276 3330 448 3409 pelve
504 3338 597 3388 est
645 3329 895 3389 inferior
950 3331 1046 3403 sit,
1094 3352 1251 3410 aqua
1299 3352 1409 3411 per
1457 3351 1727 3410 pannum
1780 3328 2002 3386 defluet

277 3435 530 3503 propter
587 3444 899 3484 excessum
971 3428 1285 3504 gravitatis
1344 3447 1518 3505 aquae
1569 3427 1631 3484 in
1691 3431 2001 3502 segmento

279 3519 467 3598 panni
508 3528 757 3578 externo
806 3539 986 3598 super
1028 3523 1393 3600 gravitatem
1444 3523 1572 3599 ejus
1621 3539 1755 3598 quae
1803 3526 1893 3574 est
1938 3515 2004 3572 in

282 3622 595 3692 segmento
625 3614 786 3673 intra
817 3614 1070 3692 pelvem.
1161 3616 1321 3676 Nam
1351 3615 1668 3695 gravitatis
1700 3609 2005 3691 quantitas
