2462 4120
582 331 1108 375 MATHEMATICAE
1144 332 1548 376 HODIERNAE.
1846 324 1921 377 55

272 462 353 524 A.
399 462 569 524 Idem
614 481 855 521 censeO.
942 460 1347 543 Transeamus
1396 479 1541 539 ergo
1589 460 1670 521 ad
1720 461 1924 541 Caput
1984 487 2231 520 mALoGns

190 558 532 638 septimum.
2079 555 2133 587 Π·

268 653 352 712 Β.
399 652 530 712 Imo
555 670 698 711 vero
731 650 810 709 ad
840 649 1146 708 decimum
1171 671 1185 706 :
1229 646 1384 706 nihil
1414 648 1577 707 enim
1606 649 1925 710 continent

189 745 535 826 septimum,
566 756 853 805 octavum
883 751 946 803 et
987 762 1241 813 nonum,
1270 748 1497 821 praeter
1531 760 1926 803 numerorum

185 841 417 900 variam
447 840 861 919 scriptionem,
899 838 1191 898 nimirum
1229 837 1294 895 in
1325 836 1472 915 Cap.
1505 836 1629 910 vii.,
1673 838 1924 897 modum

185 935 493 996 scribendi
515 953 804 994 numeros
832 953 943 1013 per
965 933 1175 992 literas
1198 930 1510 1010 alphabeti
1539 950 1926 991 communem

184 1030 412 1090 Graecis
443 1039 508 1088 et
539 1029 862 1097 Hebraeis3
907 1028 972 1086 in
1005 1036 1222 1087 octavo
1261 1027 1432 1098 item,
1477 1024 1728 1084 modum
1779 1028 1925 1085 scri-

185 1124 372 1194 bendi
404 1144 514 1203 per
550 1123 759 1182 literas
803 1122 1112 1202 alphabeti
1163 1139 1549 1181 communem
1595 1119 1822 1179 Graecis
1868 1128 1928 1179 et

187 1218 420 1279 Latinis
446 1245 462 1288 ;
506 1218 571 1277 in
598 1238 762 1277 nono
796 1217 871 1277 de
903 1217 1149 1297 cyphris
1177 1216 1445 1276 maxima
1468 1235 1543 1275 ex
1573 1223 1749 1293 parte
1781 1215 1927 1273 satis

188 1313 469 1392 cognitis,
501 1322 724 1372 caetera
750 1313 978 1392 partim
1006 1312 1243 1382 frivola,
1268 1311 1494 1390 partim
1525 1310 1741 1370 aliena.
1807 1309 1928 1368 sed

187 1429 225 1470 a
271 1427 421 1468 voce
471 1406 728 1487 cyphra,
777 1415 979 1466 ortum
1033 1406 1318 1466 habuisse
1371 1405 1552 1465 docet
1591 1423 1772 1464 voces
1823 1425 1927 1484 ey-

175 1502 462 1583 phrandi
501 1511 562 1562 et
593 1501 1043 1582 deeyphrandi,
1074 1521 1188 1580 pro
1234 1501 1536 1579 scriptura
1579 1499 1823 1559 occulta
1867 1508 1928 1558 et

188 1597 460 1677 ejusdem
491 1595 1148 1676 explicatione—Qua
1171 1594 1490 1655 scribendi
1512 1593 1758 1653 ratione
1779 1601 1929 1652 tem-

175 1712 339 1773 pore
388 1690 534 1751 belli
573 1690 778 1750 civilis
826 1711 958 1750 eum
1003 1709 1202 1749 omnes
1224 1689 1385 1767 fere
1431 1696 1771 1762 uterentur,
1812 1709 1929 1747 non

174 1807 388 1867 pauca
414 1785 760 1865 hujusmodi
789 1786 1035 1866 scripta
1063 1785 1127 1845 in
1156 1785 1375 1844 itinere
1404 1805 1514 1844 suo
1561 1784 1735 1862 (nota
1766 1783 1930 1862 quod

186 1882 251 1941 in
279 1880 506 1959 Anglia
533 1880 754 1940 itinera
791 1879 1029 1939 faciunt
1059 1880 1361 1959 epistolae)
1397 1879 1764 1959 intercepta,
1806 1878 1932 1959 ipsi

191 1975 288 2054 (ut
309 1975 416 2053 ait)
445 1974 823 2056 explicanda
845 1974 1278 2034 tradebantur.
1340 1973 1434 2033 Et
1464 1973 1705 2054 quidem
1724 1993 1930 2033 eorum

185 2068 475 2129 nonnulla
499 2077 625 2129 tam
645 2068 1058 2149 insuperabili
1081 2067 1449 2146 difficultate
1467 2066 1739 2128 involuta
1760 2068 1927 2127 vide-

186 2162 428 2238 bantur,
474 2172 543 2223 ut
570 2164 734 2244 fere
774 2164 850 2224 de
889 2162 1133 2223 illorum
1173 2162 1589 2243 emplieatione
1631 2163 1928 2244 despera-

185 2258 366 2333 verit,
396 2280 505 2318 nee
532 2259 658 2318 nisi
676 2267 824 2338 post
864 2258 1217 2318 diuturnam
1244 2255 1696 2337 inquisitionem
1725 2259 1929 2317 inere-

188 2351 369 2413 dibili
425 2352 634 2413 labore
690 2352 1108 2434 superaverit.
1231 2352 1497 2422 Quorum
1554 2372 1671 2412 non
1710 2373 1928 2433 pauca

186 2448 524 2528 specimina
554 2448 618 2508 in
653 2447 914 2529 publiea
955 2446 1354 2507 Bibliotheca
1393 2446 1770 2527 Bodleyana
1806 2447 1928 2507 Ox-

187 2541 341 2604 onioe
368 2543 789 2603 conservanda
821 2542 1115 2603 tradidit.

194 2694 197 2697 Α
269 2637 351 2697 Α.
398 2638 499 2698 Ad
565 2638 961 2698 scientiarum
1017 2637 1545 2697 Wallissianarum
1617 2636 1929 2698 cumulum

188 2751 312 2795 una
340 2732 535 2793 defuit
562 2734 779 2812 gloria,
827 2734 982 2793 bene
1025 2732 1463 2812 deciphrandi:
1511 2733 1732 2791 merito
1782 2751 1927 2809 ergo

188 2827 472 2905 peritiam
495 2825 700 2887 'istam
748 2848 920 2887 suam
966 2828 1239 2908 ignorari
1290 2826 1530 2895 noluit;
1589 2826 1929 2905 praesertim

193 2940 334 2980 cum
360 2922 670 2996 ThuanuS,
699 2922 888 2981 vitam
928 2922 1197 2981 scribens
1229 2921 1537 2980 Francisci
1558 2921 1754 2980 Vietae
1783 2939 1927 2998 geo-

193 3024 406 3080 metrae
439 3025 501 3076 et
535 3017 900 3096 algebristae,
946 3027 1091 3076 ante
1119 3016 1484 3086 Wallisium,
1529 3015 1797 3088 maximi,
1838 3014 1928 3073 in-

193 3108 442 3187 genium
471 3111 599 3189 ejus
629 3112 705 3171 ab
736 3111 951 3171 eadem
979 3111 1273 3170 facultate
1301 3109 1693 3169 laudavisset.
1766 3110 1927 3167 Nam

195 3202 440 3280 cyphrae
471 3205 744 3282 symbola
773 3214 936 3278 sunt,
969 3214 1031 3264 et
1076 3224 1290 3264 earum
1341 3204 1611 3283 cognitio
1658 3212 1749 3262 est
1786 3222 1926 3282 pars

196 3296 560 3375 symbolicae.
627 3300 844 3377 Itaque
868 3320 1111 3379 aequum
1134 3309 1286 3372 erat,
1309 3309 1381 3358 ut
1410 3300 1486 3358 ab
1520 3319 1591 3358 ea
1619 3308 1750 3357 arte
1779 3298 1926 3376 ipse,

195 3398 265 3449 ut
288 3391 386 3449 cui
409 3390 618 3452 deerat
637 3393 919 3454 laudator
937 3395 1148 3454 similis
1170 3394 1446 3467 Thuano,
1469 3393 1748 3452 laudaret
1779 3411 1926 3451 sese.

279 3483 358 3543 B.
404 3485 626 3564 Incipit
671 3487 813 3546 hinc
851 3491 980 3567 jam
1027 3508 1180 3567 opus
1228 3488 1700 3546 arithmeticum.
1810 3483 1930 3542 Sed

198 3588 526 3658 antequam
568 3580 645 3640 ad
697 3583 1208 3643 examinationem
1258 3570 1757 3660 ejus'veniamus,
1805 3597 1930 3635 non

199 3673 305 3732 abs
334 3692 400 3732 re
430 3673 560 3732 fore
604 3674 864 3734 arbitror
917 3676 966 3734 si
1016 3675 1368 3754 geometriae
1416 3685 1478 3733 et
1529 3670 1932 3733 arithmeticae
