2462 4120
451 373 572 426 308
909 383 1378 425 PROBLEMATA
1413 383 1736 424 PHYsmA.

174 546 287 577 CAP.
314 545 347 576 1.
452 521 702 581 cadenti
761 521 951 599 lapidi
1009 543 1168 582 nova
1219 521 1522 599 contingit
1578 521 1915 599 impressio,
1969 539 2195 580 novum

125 601 389 697 m,
453 615 640 674 etiam
664 615 890 693 ubique
920 617 1160 675 accidet
1188 617 1635 673 incrementum
1663 615 2023 673 velocitatis.

539 707 619 766 A.
667 709 764 766 Ita
794 718 960 766 certe
990 709 1251 767 videtur.
1340 707 1502 765 Nam
1550 708 1912 766 acceleratio
1962 717 2198 784 tempo-

455 802 623 860 ribus
654 802 988 879 aequalibus
1020 819 1259 877 semper
1289 809 1382 858 est
1421 799 1712 876 aequalis:
1758 800 1846 858 ita
1892 808 1962 858 ut
2002 799 2199 877 spatia

455 915 764 973 percursa,
807 896 856 953 si
901 894 1200 971 incipiant
1239 913 1275 950 a
1323 893 1548 969 quiete,
1604 893 1727 951 sint
1772 893 1836 951 in
1889 892 2200 970 duplicata

457 989 695 1047 ratione
727 997 1071 1066 temporum
1100 987 1449 1062 ubicunque
1482 995 1743 1063 sumpta,
1775 997 1846 1044 ut
1885 996 2199 1045 ostensum

458 1092 550 1142 est
575 1103 611 1141 a
635 1082 886 1140 Galileo.
952 1080 1147 1138 Video
1179 1089 1386 1138 autem
1409 1079 1552 1137 hinc
1583 1079 1972 1156 phaenomeni
2002 1080 2202 1156 cujus-

460 1176 602 1234 dam
661 1175 1046 1246 solutionem,
1109 1192 1292 1249 quam
1351 1181 1493 1230 ante
1552 1171 1760 1230 videre
1818 1191 1943 1230 non
2003 1172 2199 1249 potui.

461 1269 593 1328 Scis
620 1269 740 1327 duo
770 1267 1037 1345 pendula
1067 1265 1452 1344 longitudine
1481 1265 1758 1343 aequalia,
1790 1265 1840 1323 si
1879 1285 1916 1323 a
1943 1284 2203 1343 perpen-

462 1363 664 1421 diculo
723 1381 833 1439 per
891 1360 1146 1437 angulos
1207 1359 1470 1436 aequales
1524 1359 1702 1417 simul
1753 1367 2203 1429 removeantur,

460 1457 681 1515 itiones
714 1464 775 1513 et
809 1453 1143 1512 reditiones
1181 1453 1360 1512 simul
1398 1452 1621 1511 faeere.
1708 1453 1788 1511 Et
1836 1471 2205 1530 quamquam

462 1569 640 1608 arcus
674 1567 827 1625 quos
869 1557 1040 1606 motu
1081 1567 1190 1606 suo
1233 1547 1607 1618 describunt,
1642 1546 1935 1605 continuo
1968 1546 2207 1604 decres-

464 1652 628 1713 cant,
692 1652 934 1719 tempus
996 1650 1204 1700 tamen
1271 1641 1334 1698 in
1386 1660 1508 1717 quo
1557 1641 1820 1718 majores
1871 1659 2049 1698 arcus
2095 1639 2206 1698 de-

466 1737 837 1807 scribuntur,
884 1735 1147 1814 tempori
1198 1735 1261 1793 in
1309 1754 1429 1812 quo
1472 1734 1904 1793 describuntur
1942 1733 2208 1792 minores

467 1838 558 1887 est
589 1828 840 1906 aequale.

550 1923 628 1981 B.
679 1923 777 1982 Ita
806 1930 919 1980 est.
1006 1921 1287 1981 Vidistin'
1317 1940 1591 1999 unquam
1630 1921 2110 1999 experimentum
2145 1919 2208 1977 in

464 2038 584 2096 quo
617 2015 768 2074 illud
799 2035 1011 2073 verum
1041 2035 1166 2074 non
1198 2024 1332 2074 erat
1357 2015 1376 2073 ?

548 2108 624 2168 A.
670 2109 894 2168 Etiam.
984 2109 1145 2167 Nam
1176 2109 1226 2167 si
1262 2107 1671 2186 pendulorum
1715 2107 1976 2166 alterum
2006 2126 2043 2165 a
2071 2126 2210 2185 per-

465 2202 792 2280 pendiculo
826 2200 1157 2271 dimoveaS,
1200 2200 1463 2278 exempli
1507 2219 1709 2272 causa,
1762 2219 1872 2277 per
1918 2199 2212 2277 angulum

469 2303 548 2356 80
580 2295 901 2374 graduum,
956 2295 1218 2353 alterum
1259 2314 1370 2372 per
1421 2293 1714 2371 angulum
1749 2298 1829 2352 60
1870 2292 2209 2371 graduum:

467 2400 616 2448 tunc
648 2389 869 2448 itiones
901 2399 963 2448 et
994 2388 1323 2447 reditiones
1354 2407 1481 2446 non
1510 2387 1689 2446 simul
1719 2388 1889 2445 fient.

549 2483 630 2541 B.
680 2483 801 2541 Sed
839 2483 1053 2542 inferri
1096 2483 1241 2541 hinc
1289 2502 1414 2540 non
1463 2489 1684 2559 potest,
1730 2479 1895 2558 quod
1937 2488 2216 2558 tempora

466 2576 792 2653 inaequalia
823 2585 1004 2634 erunt
1036 2574 1280 2652 quando
1310 2574 1521 2652 anguli
1552 2583 1695 2632 sunt
1725 2573 2007 2650 aequales

553 2669 633 2727 A.
682 2669 803 2728 Sed
876 2669 1120 2746 quando
1180 2667 1390 2745 anguli
1448 2676 1591 2725 sunt
1641 2666 1991 2744 inaequaleS,
2051 2665 2214 2724 unde

471 2761 699 2821 accidit
728 2762 1111 2840 inaequalitas
1140 2770 1487 2839 temporum
1515 2759 1535 2818 ?

550 2855 630 2913 B.
678 2855 773 2913 Ab
805 2856 938 2934 ipsa
968 2855 1383 2934 inaequalitate
1414 2854 1799 2932 angulorum.
1847 2853 2003 2911 Nam
2038 2872 2216 2911 arcus

469 2968 621 3027 quos
670 2948 923 3021 faciunt,
982 2959 1125 3008 sunt
1176 2948 1375 3027 spatia
1423 2968 1561 3025 quae
1618 2956 2103 3025 percurruntur:
2151 2946 2217 3004 in

469 3043 690 3121 quibus
747 3043 1083 3120 pendulum
1140 3042 1308 3120 quod
1359 3063 1394 3100 a
1447 3042 1679 3118 majore
1738 3039 2064 3098 altitudine
2113 3038 2218 3098 de-

469 3135 725 3207 scendit,
760 3137 1027 3194 velocius
1062 3144 1346 3194 movetur
1378 3155 1561 3213 quam
1594 3134 1759 3212 quod
1785 3154 1821 3192 a
1851 3133 2104 3191 minore.

554 3229 634 3288 A.
681 3228 839 3288 Quae
870 3229 1164 3287 hactenus
1197 3228 1423 3298 dixisti,
1458 3227 1633 3285 facile
1665 3226 1868 3298 eredO,
1901 3227 1977 3284 ab
2022 3226 2219 3285 omni-

464 3324 579 3381 bus
623 3322 1039 3399 recipientur:
1084 3323 1203 3380 nisi
1246 3321 1411 3400 quod
1457 3320 1692 3380 telluris
1745 3340 1883 3378 eum
1929 3319 2103 3398 pelve
2155 3327 2218 3378 et

465 3417 668 3475 cribro
721 3415 1099 3492 comparatio
1146 3417 1295 3493 ipsa,
1343 3414 1681 3493 phantasiae
1721 3414 1926 3491 potius
1980 3412 2218 3471 soboles

466 3530 649 3588 quam
681 3509 933 3567 rationis
969 3528 1100 3566 esse
1133 3509 1326 3566 videri
1367 3509 1576 3586 possit.
1667 3507 1890 3565 Nonne
1939 3507 2084 3565 satis
2125 3514 2216 3565 est

467 3602 635 3680 quod
680 3601 903 3671 telluri,
938 3620 1121 3678 quam
1154 3602 1466 3678 quiescere
1501 3601 1929 3659 existimabant
1958 3608 2213 3671 vetereS,

468 3697 745 3756 dedimus
783 3693 1150 3773 jampridem
1194 3704 1429 3752 motum
1473 3713 1655 3771 super
1707 3702 1987 3751 centrum
2036 3711 2215 3753 suum
