2462 4120
546 417 1074 462 MATHEMA'rmAE
1110 418 1516 460 HODIERNAE.
1802 410 1916 463 163

171 559 469 640 principia
497 578 620 617 non
653 557 800 616 satis
830 556 1091 615 feliciter
1121 576 1361 634 semper
1392 571 1649 636 ponunt.
1715 562 1914 639 Opor-

171 657 291 716 tuit
319 655 486 734 prius
517 653 838 712 definitum
879 671 1009 711 esse
1051 652 1199 730 quid
1240 652 1321 711 sit
1363 653 1699 726 inclinatiO,
1732 676 1915 733 quam

171 770 281 830 per
344 747 798 808 inclinationem
870 747 1207 806 definiisset
1278 747 1572 822 angulum
1642 750 1912 827 planum.

174 843 358 905 Quod
387 863 527 902 cum
555 862 683 901 non
712 842 948 915 fecerit,
979 842 1044 900 in
1069 861 1253 901 causa
1282 841 1398 901 fuit
1426 842 1592 920 quod
1609 843 1918 904 Wallisius

169 939 398 998 frustra
428 958 490 997 se
519 937 770 997 torserit
800 938 865 996 in
896 937 1149 996 vocibus
1177 950 1329 1000 κλίσις
1360 947 1423 995 et
1451 949 1658 996 ἀκλισία.
1748 939 1921 1017 Sapit

172 1033 335 1093 enim
377 1033 653 1093 definitio
694 1032 990 1092 Euclidea
1035 1032 1171 1111 plus
1220 1052 1404 1110 quam
1447 1031 1592 1091 satis
1640 1031 1715 1091 de
1755 1034 1923 1112 vulgi

171 1128 610 1208 imaginatione
651 1129 881 1207 anguli,
916 1148 1057 1187 cum
1099 1127 1311 1187 dicant
1344 1127 1462 1186 hoc
1492 1127 1589 1186 vel
1628 1127 1780 1186 illud
1810 1149 1925 1187 non

147 1223 403 1304 factum
435 1245 571 1285 esse
606 1225 669 1284 in
700 1223 950 1305 angulo,
1006 1224 1108 1283 Sic
1136 1243 1379 1302 quoque
1410 1223 1636 1302 accipit
1661 1223 1923 1294 Clavius,

172 1340 314 1381 cum
345 1329 561 1380 contra
592 1320 959 1380 Peletarium
991 1319 1330 1398 disputanS,
1362 1318 1656 1397 angulum
1686 1328 1926 1377 rectum

173 1416 469 1494 majorem
500 1434 631 1474 esse
672 1414 823 1474 dicit
864 1434 1048 1493 quam
1093 1424 1187 1473 est
1229 1414 1490 1492 angulus
1537 1413 1926 1485 semicirculi,

173 1520 246 1570 ut
274 1519 476 1570 totum
506 1530 687 1589 quam
717 1530 896 1588 pars;
945 1510 1238 1588 deceptus
1271 1529 1343 1568 eo
1377 1509 1544 1588 quod
1575 1509 1928 1588 superficies

175 1605 378 1684 aliqua
405 1605 690 1684 intercipi
721 1605 966 1664 videtur
996 1605 1159 1663 inter
1203 1624 1411 1663 arcum
1456 1613 1518 1663 et
1549 1613 1928 1684 tangentem.

177 1701 392 1779 Itaque
415 1708 700 1759 naturam
725 1700 954 1779 anguli,
977 1700 1145 1779 vulgi
1169 1720 1360 1773 more,
1382 1701 1446 1759 in
1470 1710 1641 1760 arcta
1664 1699 1931 1779 quadam

174 1795 497 1875 superficie
522 1796 859 1855 consistere
884 1795 1299 1854 arbitrabatur
1327 1820 1340 1854 ε
1385 1795 1550 1875 quod
1575 1806 1667 1855 est
1689 1795 1930 1855 falsum.

263 1889 345 1949 B.
391 1890 523 1949 Imo
579 1909 744 1963 vero,
798 1889 952 1949 adeo
1011 1889 1367 1962 absurdum,
1419 1901 1491 1950 ut
1549 1910 1728 1950 nemo
1780 1889 1934 1948 illud

177 2005 444 2064 unquam
476 1994 688 2064 aperte
721 1985 924 2045 dicere
955 2005 1138 2044 ausus
1171 1985 1286 2054 sit;
1335 2006 1708 2065 quanquam,
1740 1985 1931 2043 inhae-

177 2090 350 2142 rente
389 2079 495 2140 illa
543 2080 698 2140 falsa
737 2080 1200 2160 imaginatione,
1249 2080 1314 2140 id
1363 2080 1632 2140 dixerint
1683 2101 1758 2140 ex
1810 2100 1930 2158 quo

177 2175 389 2236 inferri
416 2175 626 2254 possit.

263 2269 345 2329 A.
390 2269 729 2329 Audiamus
747 2269 1299 2330 Wallisium.—-Et
1316 2270 1559 2350 quidem
1581 2271 1732 2350 ipsae
1753 2269 1934 2330 Zinece

180 2372 626 2439 concurrenteS,
658 2365 938 2446 quamvis
978 2373 1125 2425 τοία]
1142 2363 1389 2444 forsan
1436 2364 1808 2424 inclinentur
1847 2366 1939 2424 acl

182 2458 449 2533 invicem,
497 2460 794 2541 angulum
835 2468 1039 2520 tamen
1086 2481 1205 2520 non
1257 2460 1416 2520 alibi
1469 2480 1643 2540 quam
1684 2460 1745 2519 in
1795 2461 1932 2540 ipso

172 2562 406 2634 puncto
443 2575 778 2616 concursu-s·
804 2555 1439 2636 formant—Nonne
1462 2556 1608 2615 hinc
1633 2557 1929 2635 sequitur,

181 2648 313 2726 ipsa
338 2661 569 2728 puncta
596 2651 862 2711 formare
893 2653 1185 2731 angulum
1213 2652 1233 2711 ?

266 2742 343 2802 B.
389 2744 589 2804 Plane.
684 2747 763 2806 Et
822 2747 1124 2826 siquidem
1173 2757 1475 2826 punctum
1528 2748 1627 2819 sit,
1686 2756 1758 2805 ut
1803 2745 1934 2804 vult

186 2835 510 2912 wallisius,
541 2841 712 2915 nihil,
745 2841 867 2901 duo
899 2843 1094 2902 nihila
1122 2843 1478 2903 formabunt
1509 2842 1822 2921 angulum.

273 2931 354 2990 A.
397 2932 698 2995 Videntur
725 2938 872 2996 mihi
907 2938 1044 2998 duae
1080 2938 1278 3011 lineae,
1327 2938 1568 2998 etiamsi
1613 2958 1739 2996 non
1787 2957 1933 2996 con-

188 3034 457 3098 currant,
505 3028 556 3087 si
607 3040 812 3090 tamen
843 3032 1057 3092 eadem
1116 3033 1331 3111 regula
1380 3053 1501 3111 qua
1558 3043 1932 3110 generantur

189 3119 526 3198 productae,
559 3120 946 3187 concursurae
977 3130 1118 3202 sint,
1153 3129 1450 3208 angulum
1481 3129 1740 3188 efficere.

277 3213 358 3272 B.
405 3214 545 3274 Hoc
596 3220 901 3295 quomodo
954 3222 1033 3281 sit
1078 3223 1368 3301 possibile
1420 3223 1524 3282 vix
1569 3223 1930 3301 intelligam,

189 3306 307 3366 nisi
337 3308 530 3368 sciero
562 3311 696 3388 quis
726 3313 804 3372 sit
835 3335 1017 3393 quem
1045 3327 1114 3376 tu
1145 3318 1415 3396 appellas
1451 3318 1765 3397 angulum.

273 3400 354 3459 A.
404 3402 719 3482 Angulum
765 3407 1149 3488 simpliciter,
1211 3412 1458 3471 excluso
1505 3412 1733 3490 angulo
1787 3432 1933 3470 con-

190 3505 413 3567 tactUS,
482 3498 740 3575 appeIIO,
801 3498 998 3575 lineoe,
1057 3527 1194 3585 quoe
1257 3506 1555 3565 circulum
1614 3504 1931 3574 describit,

191 3590 604 3650 conversionis
629 3593 815 3651 totius
834 3598 1185 3674 portionem
1206 3623 1226 3659 .·
1270 3599 1492 3680 anguli
1520 3609 1721 3659 autem
1744 3619 1935 3679 quan-

193 3683 453 3759 titatem,
527 3688 936 3767 quantitatem
1010 3712 1196 3753 arcus
1305 3693 1565 3773 quolibet
1663 3703 1935 3773 tempore

1634 3809 1685 3847 M
1718 3809 1741 3842 2

1978 579 2230 613 DIALOGUS

2070 650 2118 681 v.

1983 707 2221 735 κ-Ὓ-κ
