2462 4120
861 350 1422 394 GEOMETRARUM.
1892 344 2011 397 465

272 495 395 567 alii,
431 491 747 552 convitiati
783 501 947 564 sunt,
980 511 1117 570 quae
1158 511 1342 551 causa
1382 512 1512 552 esse
1549 495 1784 572 potuit?
1875 496 2015 556 Quo
2062 520 2175 552 CAP.
2204 520 2352 552 xxm.

271 589 400 650 laesi
427 586 746 647 fecerunt?
835 585 1286 663 Paralogismus
1319 607 1489 646 meus
1515 587 1807 647 damnum
1839 600 2012 648 tuum
2040 578 2322 675 Dm

272 705 398 744 non
428 692 538 742 est.
628 681 807 741 Unde
838 682 1027 760 igitur
1062 681 1170 740 irae
1201 680 1419 740 tantae?
1509 683 1606 740 An
1638 703 1674 741 a
1704 684 1834 742 zelo
1868 685 2014 743 boni
2038 681 2376 776 ζξξῑτξὲζζξζζζῇῗ

272 777 633 849 communiS‚
685 777 976 836 nimirum
1033 796 1110 835 ne
1164 787 1662 854 corrumperetur
1719 779 2014 855 paulatim
2038 798 2106 828 etc-

277 871 742 933 mathematica?
832 872 1086 932 Utinam
1118 871 1366 950 quidem
1404 871 1523 929 illis
1555 873 1837 932 omnibus
1869 894 2017 932 cura

273 968 420 1028 boni
449 968 790 1027 communis
821 976 995 1026 tanta
1017 977 1197 1038 esset,
1220 978 1289 1026 ut
1313 966 1466 1025 nihil
1489 967 1738 1025 omnino
1761 968 1825 1025 in
1847 968 2017 1027 libris

271 1063 406 1123 falsi
436 1073 794 1142 paterentur
823 1082 951 1121 esse
982 1061 1112 1122 sine
1143 1061 1585 1121 confutatione.
1663 1061 1784 1120 Sed
1814 1061 1901 1120 ita
1928 1071 2020 1121 est

272 1158 478 1230 homo,
498 1158 615 1217 nisi
643 1167 956 1236 praecepta
985 1177 1131 1216 vera
1160 1156 1566 1235 philosophiae
1596 1156 1845 1214 moralis
1877 1167 2020 1215 ante

275 1253 579 1323 didicerit,
598 1264 669 1312 ut
699 1253 923 1311 samam
956 1262 1061 1311 aut
1089 1252 1329 1311 lucrum
1359 1251 1672 1330 primariO,
1696 1251 2022 1310 veritatem

277 1347 639 1409 secundario
670 1357 940 1426 appetat.
1011 1347 1162 1406 Inde
1194 1357 1286 1406 est
1317 1346 1480 1426 quod
1511 1347 1855 1405 irascantur
1885 1346 2021 1419 illis,

278 1462 541 1522 quorum
576 1442 880 1502 industria
917 1441 1106 1500 nimia
1136 1443 1411 1501 veritatis
1449 1441 1553 1500 lux
1582 1441 1872 1500 infertur:
1906 1461 2026 1519 qua

278 1547 556 1616 patescat
615 1538 915 1607 omnibuS‚
967 1537 1244 1615 quantuli
1294 1537 1410 1595 viri
1470 1547 1613 1596 sunt
1660 1536 1765 1615 qui
1810 1536 2027 1595 volunt

279 1631 492 1691 haberi
523 1632 791 1692 maximi.
878 1632 1010 1710 Ego
1042 1631 1247 1710 aliqua
1277 1631 1524 1710 quidem
1555 1633 1615 1690 in
1662 1631 1903 1690 Euclidi
1934 1652 2028 1690 re-

281 1726 598 1804 prehendi,
643 1748 769 1786 non
813 1735 1019 1786 tamen
1059 1737 1130 1785 ut
1175 1727 1347 1785 illum
1388 1747 1512 1786 non
1557 1736 1768 1804 putem
1816 1727 2026 1805 magni

280 1821 633 1882 faciendum
680 1842 831 1893 esse,
864 1822 969 1900 qui
1011 1822 1405 1881 scientiarum
1449 1821 2026 1880 mathematicarum

281 1916 722 1976 tradendarum
754 1916 1109 1976 methodum
1144 1917 1377 1995 primus
1408 1916 1682 1976 tradidit.
1747 1916 1917 1974 Nihil
1947 1917 2024 1975 ab

280 2011 648 2074 Archimede
675 2013 906 2072 editum
932 2032 1058 2071 non
1082 2012 1284 2071 laudo,
1324 2011 1659 2071 Consilium
1686 2010 1835 2068 mihi
1857 2011 2025 2069 aliud

280 2125 407 2164 non
443 2116 555 2179 est,
590 2127 771 2185 quam
811 2106 1216 2165 arithmeticae
1257 2118 1317 2166 et
1358 2106 1623 2184 algebrae
1669 2105 1734 2163 in
1774 2105 2028 2163 demon-

282 2201 548 2261 strandis
590 2201 1112 2280 propositionibus
1153 2221 1305 2279 pure
1334 2201 1728 2280 geometricis
1769 2200 2028 2261 abusum

282 2294 520 2369 tollere,
553 2295 603 2355 si
631 2306 909 2376 potuerO.
997 2295 1166 2355 Vale.

988 2857 1314 2880 l

462 3747 616 3788 VOL.
646 3749 737 3789 lV.
1731 3758 1771 3797 Il
1814 3758 1854 3796 H
