2462 4120
315 555 427 588 CAP.
456 558 522 590 Vl.

292 612 531 641 κ-Ὑῂμ

250 672 306 706 De
316 672 452 717 pluvia,
462 677 570 708 vento

605 386 722 438 344
1059 399 1518 442 PROBLEMATA
1552 403 1868 447 PHYsicA.

603 534 689 593 sic
720 533 1050 609 descendit,
1080 538 1213 596 fieri
1251 558 1375 597 non
1409 549 1612 616 potest
1651 542 1794 619 quin
1833 561 2034 601 aerem
2074 551 2217 602 ante
2257 562 2322 603 se

574 648 794 717 ‚usque
839 629 917 689 ad
956 632 1333 709 superficiem
1378 640 1558 691 terrae
1602 636 1920 713 propellat,
1953 644 2012 694 et
2050 655 2257 695 rursus
2285 656 2323 695 a

248 726 398 771 aliisque
422 728 506 763 coeli
523 740 581 764 va„
601 733 765 781 terra
794 724 1122 803 repellatur
1150 725 1310 783 idem
1341 745 1478 783 aer:
1510 727 1671 786 unde
1692 739 1902 788 ventos
1923 729 2054 788 fieri
2077 749 2323 788 necesse

247 780 445 816 rietatibus.

599 827 692 876 est
722 837 1222 896 quaquaversum,
1254 819 1358 896 qui
1387 819 1577 878 nubes
1601 821 1746 880 alias
1775 822 1838 881 in
1863 842 2013 902 quas
2042 823 2323 883 incidunt

597 911 959 989 propellent.

680 1002 759 1063 A.
803 1007 971 1065 Esto,
1061 1005 1182 1064 Sed
1220 1005 1474 1064 nubium
1519 1017 1722 1067 motus
1761 1009 1972 1069 tardus
2014 1009 2320 1089 quomodo

599 1109 812 1159 ventos
844 1100 1025 1158 efficit
1054 1109 1182 1158 tam
1211 1099 1448 1158 veloces
1477 1098 1496 1158 ?

680 1191 758 1253 Β.
805 1194 948 1252 Non
986 1194 1164 1252 unius
1210 1202 1317 1252 aut
1366 1194 1622 1254 duarum
1660 1196 1932 1267 nubium,
1965 1198 2073 1258 sed
2099 1200 2322 1259 multa-

597 1307 733 1346 rum
776 1288 1132 1366 plerumque
1173 1297 1235 1346 et
1280 1308 1641 1366 magnarum
1687 1291 1936 1350 effectus
1982 1302 2077 1351 est
2103 1304 2321 1353 ventus

599 1401 871 1460 magnus,
961 1382 1278 1454 Praeterea,
1321 1383 1484 1442 facto
1524 1385 1653 1461 jam
1691 1395 1891 1458 vent0,
1937 1385 2180 1464 cogitur
2218 1405 2323 1446 aer

599 1477 926 1554 saepissime
955 1476 1017 1534 in
1048 1476 1183 1535 loca
1224 1478 1486 1537 nubibus
1526 1480 1655 1557 jam
1693 1490 1835 1539 ante
1871 1489 2213 1540 camerata:
2259 1491 2323 1541 et

597 1579 921 1649 propterea
948 1580 1269 1630 ventorum
1307 1573 1397 1631 vis
1443 1573 1518 1632 ab
1567 1575 1850 1653 angustia
1894 1575 2013 1634 loci
2059 1575 2322 1635 maxime

598 1674 872 1743 augetur.

681 1759 760 1816 A.
809 1758 935 1817 Cur
974 1758 1200 1819 Auster
1249 1761 1442 1840 magis
1481 1781 1661 1840 quam
1706 1761 1808 1821 alii
1853 1762 2015 1822 venti
2056 1762 2322 1841 pluviam

595 1852 838 1912 adfert?

678 1946 755 2006 Β.
802 1947 923 2007 Ubi
970 1947 1058 2007 sol
1107 1959 1199 2008 est
1234 1950 1710 2028 potentissimus,
1751 1960 1814 2011 et
1848 1951 2039 2011 maria
2076 1950 2320 2029 amplis-

596 2042 764 2114 sima,
816 2042 879 2101 id
931 2052 1042 2115 est,
1094 2043 1158 2102 in
1206 2045 1481 2122 partibus
1516 2054 1697 2105 terrae
1742 2045 2048 2124 (respectu
2093 2045 2317 2122 nostri)

596 2137 981 2210 australibuS‚
1013 2138 1097 2196 ibi
1127 2137 1388 2215 plurima
1434 2147 1527 2197 est
1564 2139 1628 2198 in
1659 2159 1797 2198 aere
1827 2160 2003 2218 aqua,
2034 2159 2215 2218 quam
2243 2138 2323 2198 ad

595 2250 707 2288 nos
753 2230 989 2290 adferre
1039 2231 1201 2290 solus
1241 2233 1466 2290 Auster
1509 2241 1732 2310 potest.
1818 2234 2047 2292 Verum
2095 2233 2321 2292 imbres

596 2344 847 2403 magnos
876 2326 1001 2385 vidi
1046 2326 1230 2385 etiam
1276 2326 1603 2405 aliquando
1644 2348 1680 2386 a
1707 2336 1890 2387 vento
1933 2328 2184 2401 boreali,
2215 2327 2323 2387 sed

595 2419 658 2477 in
690 2428 930 2480 aestate:
960 2421 1046 2480 ita
1074 2430 1145 2480 ut
1173 2421 1366 2479 nubes
1389 2420 1522 2479 illas
1546 2421 1757 2482 allatas
1779 2421 1949 2500 prius
1973 2422 2050 2481 ab
2073 2422 2320 2495 Austr0,

595 2522 656 2572 et
684 2514 1083 2591 praeterlatas,
1114 2526 1397 2593 putarem
1427 2534 1463 2573 a
1494 2515 1691 2574 Borea
1718 2515 1940 2575 relatas
1972 2534 2127 2574 esse.

680 2609 761 2668 A.
806 2610 946 2668 Vidi
993 2609 1319 2688 aliquando
1361 2610 1657 2687 navigans
1694 2609 1888 2669 undas
1933 2610 2230 2687 ingenteS,
2261 2617 2323 2668 et

596 2723 878 2781 magnam
929 2705 1114 2764 maris
1161 2704 1641 2778 concussionem,
1683 2724 1823 2763 cum
1868 2714 2074 2764 tamen
2119 2703 2323 2763 nullus

596 2799 842 2857 omnino
873 2800 1291 2878 perciperetur
1319 2806 1557 2858 ventus,

677 2891 755 2953 Β.
804 2894 968 2954 Quid
997 2903 1202 2954 autem
1230 2893 1411 2972 paulo
1440 2901 1578 2971 post
1603 2891 1623 2951 ?

676 2987 753 3047 A.
800 2990 1123 3068 Plusquam
1151 2989 1472 3060 voluimUS,
1502 2988 1833 3066 procellam
1866 2988 2199 3065 ingentem,
2228 2984 2322 3044 id-

597 3103 714 3162 que
743 3083 904 3142 intra
934 3085 1134 3143 minus
1160 3105 1340 3163 quam
1371 3091 1649 3161 quartam
1679 3090 1916 3160 partem
1946 3082 2133 3141 horae.

678 3176 755 3237 Β.
803 3177 874 3236 Id
920 3188 1027 3250 est,
1075 3188 1293 3238 ventus
1343 3187 1487 3236 ante
1534 3177 1836 3248 veniebat,
1894 3184 2033 3254 post
2089 3174 2318 3234 aderat.

595 3272 954 3331 Venientem
1011 3283 1215 3331 autem
1271 3272 1584 3350 percipere
1640 3291 1764 3330 non
1821 3269 2123 3347 potuistiS‚
2178 3267 2320 3346 quia

595 3375 793 3426 motus
839 3367 992 3425 aeris
1035 3367 1343 3438 tendebat,
1373 3375 1624 3444 propter
1655 3365 2010 3423 descensum
2048 3361 2317 3433 nubium,

596 3460 908 3519 deorsum:
940 3461 1042 3538 qui
1074 3481 1176 3519 aer
1204 3461 1280 3519 ab
1311 3480 1470 3538 aqua
1498 3458 1926 3517 reflectebatur
1955 3476 2212 3528 sursum,
2237 3463 2318 3526 et,

595 3554 789 3613 donec
835 3554 1068 3612 vicinus
1129 3563 1276 3624 erat,
1329 3573 1513 3631 supra
1561 3552 1714 3610 vela.
1804 3552 2017 3630 Itaque
2070 3560 2318 3610 ventum

594 3669 717 3708 non
750 3649 1034 3722 sentiens,
1067 3667 1188 3707 non
1219 3668 1346 3707 esse
1378 3646 1782 3706 existimabas,
