2462 4120
428 368 547 421 296
944 378 1031 420 DE
1061 377 1341 420 NATURA
1371 379 1598 422 AERIS.

429 534 570 585 ante
614 526 870 587 certior:
911 538 972 589 et
1009 550 1140 609 quae
1174 530 1377 591 dixisti
1407 529 1609 589 omnia
1641 537 1819 588 teneo
1849 537 1910 588 et
1937 529 2148 607 probe,

427 620 545 678 nisi
574 621 738 699 quod
767 642 1007 684 causam
1037 647 1223 705 quare
1253 634 1458 686 suctor
1486 631 1806 695 retractUS,
1837 632 1899 682 et
1929 622 2148 682 deinde

428 734 614 773 manu
659 715 911 794 elaPSUS,
963 720 1041 779 ad
1086 720 1495 780 summitatem
1555 716 1813 796 cylindri
1860 717 2148 776 velociter

428 808 732 882 ascendat,
763 829 1201 890 recognoscens
1230 823 1396 871 recte
1437 810 1803 887 assignatam
1849 829 1978 869 esse
2022 829 2147 869 non

428 912 658 980 putem.
745 903 902 963 Nam
930 904 1283 966 incredibile
1309 915 1400 964 est
1425 905 1489 962 in
1512 912 1682 962 motu
1711 903 2146 981 particularum

437 996 610 1075 (quas
636 998 949 1075 supponis)
979 1008 1335 1071 terrearum,
1366 1005 1601 1056 tantam
1629 997 1824 1055 inesse
1845 997 1970 1056 vim
1997 1007 2067 1056 ut
2084 997 2149 1056 id

431 1091 667 1150 efficere
708 1092 914 1169 possit.
1004 1093 1186 1152 Quod
1232 1104 1437 1151 autem
1485 1109 1687 1149 aerem
1731 1090 1836 1168 qui
1874 1091 2147 1149 incussus

429 1184 627 1244 fuerat
663 1185 877 1263 expelli
905 1186 1046 1245 inde
1092 1187 1298 1259 infers,
1329 1205 1441 1263 ego
1490 1193 1726 1253 contra,
1765 1183 1902 1243 ideo
1949 1194 2148 1243 sucto-

430 1298 559 1337 rem
606 1279 804 1338 subito
859 1279 1183 1339 ascendere
1230 1279 1528 1350 existimO,
1576 1277 1736 1356 quia,
1784 1277 2150 1336 retractione

433 1383 727 1446 cessante,
759 1393 862 1432 aer
891 1374 995 1451 qui
1037 1374 1330 1452 impulsus
1359 1392 1582 1450 magna
1603 1372 1664 1432 vi
1692 1371 1908 1444 fuerat,
1939 1371 2151 1430 eadem

431 1467 491 1525 vi
529 1467 688 1525 inter
728 1467 984 1525 suctoris
1027 1468 1404 1545 superficiem
1443 1485 1774 1525 convexam
1804 1473 1866 1524 et
1894 1465 2152 1544 cylindri

433 1580 759 1619 concavam
790 1559 1125 1637 expellitur,
1156 1569 1217 1620 et
1244 1559 1498 1638 proinde
1534 1558 1874 1638 (supposita
1894 1558 2153 1638 plenitu-

435 1654 575 1712 dine
606 1653 840 1729 mundi)
877 1673 978 1711 aer
1008 1665 1314 1727 externus,
1361 1653 1437 1712 ad
1472 1653 1674 1712 locum
1703 1672 1878 1711 suum
1906 1652 2154 1711 restitu-

434 1758 552 1819 ωε,
606 1747 782 1806 simul
820 1757 1124 1807 suctorem
1166 1748 1435 1807 restituit
1485 1746 1564 1807 ad
1611 1747 1812 1807 locum
1859 1745 2020 1806 unde
2058 1765 2153 1804 re-

434 1850 663 1901 tractus
688 1850 828 1899 ante
858 1841 1074 1901 fuerat.

519 1935 600 1995 A.
646 1935 814 1994 Idem
867 1955 1103 1995 censeo.
1207 1935 1462 1994 Erravi:
1525 1945 1586 1993 et
1633 1953 1899 1994 errorem
1953 1952 2155 1995 meum

436 2042 599 2090 recte
631 2029 967 2089 correxisti.

1198 2831 1395 2872 FINIS.
