2462 4120
623 383 1147 429 MATHEMATmAE
1184 383 1584 424 HODIERNAE.
1895 372 1971 424 65

325 527 576 588 Decima
621 537 796 586 sexta
838 533 970 592 est;
1024 522 1136 581 hoc
1181 543 1322 580 vero
1363 531 1659 601 punctum
1705 531 1973 583 centrum

240 621 460 682 circuli
489 620 889 701 appellatum
935 617 999 677 id
1029 626 1140 690 est,
1171 626 1468 695 punctum
1500 617 1663 694 quod
1697 618 1758 676 in
1789 638 1974 697 gene-

239 717 476 776 ratione
521 715 734 775 circuli
779 713 1153 793 quiescebat.
1241 710 1495 771 Decima
1541 712 1796 788 septima
1840 714 1972 772 haec

238 822 370 880 est3
415 810 709 870 diameter
738 817 943 868 autem
973 805 1196 866 circuli
1226 812 1320 864 est
1354 811 1525 862 recta
1553 805 1827 883 quendam
1846 829 1973 886 per

237 913 508 965 centrum
538 903 740 976 ducta,
772 911 832 962 et
863 924 941 961 ex
966 908 1231 980 utraque
1248 906 1444 979 parte
1476 898 1538 956 in
1559 899 1782 957 circuli
1799 903 1975 979 peri-

225 998 462 1078 pheria
511 997 864 1071 terminata,
921 1017 1049 1077 quoe
1100 994 1396 1054 circulum
1447 992 1744 1073 bg'fariam
1781 1005 1971 1055 secat.

239 1093 312 1152 In
343 1114 464 1172 qua
486 1093 639 1153 nihil
664 1102 757 1152 est
785 1113 909 1152 non
932 1100 1307 1161 accuratum,
1335 1088 1452 1148 nisi
1477 1087 1643 1167 quod
1670 1101 1976 1166 postrema

235 1188 441 1260 verba,
498 1208 637 1269 quce
693 1186 990 1247 circulum
1048 1183 1343 1264 bffariam
1398 1191 1590 1255 secat,
1644 1183 1974 1245 abundent.

237 1280 529 1342 Definitio
588 1282 751 1342 enim
809 1279 1093 1340 diametri
1150 1277 1428 1338 absoluta
1486 1286 1619 1336 erat
1677 1276 1806 1336 sine
1857 1279 1974 1338 illis

238 1377 476 1447 verbis3
523 1397 663 1456 quae
705 1377 865 1436 inter
907 1376 1232 1446 axiomata,
1274 1372 1371 1431 vel
1417 1371 1623 1451 potius
1666 1372 1828 1431 inter
1872 1373 1974 1432 de-

239 1481 582 1532 monstrata
609 1472 1009 1543 theoremata,
1040 1467 1325 1548 ponenda
1355 1478 1549 1526 erant.

322 1566 724 1626 Definitiones
769 1575 1007 1624 caeterae
1047 1583 1240 1642 usque
1279 1561 1358 1621 ad
1398 1562 1770 1621 tricesimam
1801 1562 1974 1639 quin-

239 1672 536 1739 tam,quae
560 1661 862 1720 Elementi
884 1660 1066 1739 primi
1089 1669 1401 1738 postrema
1424 1667 1535 1731 est,
1560 1667 1630 1716 ut
1653 1657 1976 1730 facillimae,

238 1754 325 1814 ita
370 1756 554 1815 etiam
611 1755 1086 1815 accuratissimae
1133 1765 1292 1813 sunt.
1399 1754 1539 1832 Ipsa
1581 1764 1787 1812 autem
1838 1773 1978 1832 pos-

237 1859 435 1909 trema
472 1849 604 1909 haec
643 1859 738 1909 est
789 1872 802 1907 :
817 1848 1155 1929 paralleloe
1190 1856 1333 1908 sunt
1372 1847 1547 1907 linece
1591 1855 1796 1922 rectce,
1842 1869 1978 1928 quce

234 1964 368 2002 cum
411 1944 474 2003 in
519 1944 725 2004 eodem
768 1944 896 2004 sint
926 1943 1139 2024 planO,
1183 1952 1245 2002 et
1282 1964 1360 2002 eoe
1398 1951 1662 2022 utraque
1688 1943 1978 2022 partein

236 2038 531 2116 infinitum
560 2038 1013 2119 producantur,
1059 2039 1122 2098 in
1161 2046 1439 2098 neutram
1479 2037 1602 2096 sihi
1641 2045 1843 2096 mutuo
1887 2038 1977 2096 in-

234 2131 466 2192 cidnnt.

320 2229 402 2287 B.
453 2226 620 2289 Quid
647 2229 711 2287 in
741 2228 856 2287 hac
899 2228 1255 2287 definitione
1286 2226 1726 2305 reprehendis?

320 2323 403 2383 A.
448 2323 882 2384 Definitionem
940 2323 1100 2383 hanc
1156 2322 1586 2401 parallelarum
1644 2330 1971 2394 rectarum,

238 2418 404 2496 quod
433 2419 658 2478 attinet
687 2418 766 2478 ad
795 2439 992 2492 usum,
1039 2419 1186 2478 satis
1220 2419 1447 2477 bonam
1477 2437 1607 2476 esse
1638 2437 1763 2476 non
1793 2436 1972 2495 nego,

240 2513 363 2572 Sed
409 2513 695 2592 quoniam
745 2513 1186 2592 parallelismus
1233 2512 1452 2584 omniS,
1497 2521 1625 2571 tam
1668 2522 1974 2571 rectarum

238 2628 423 2687 quam
462 2628 804 2682 curvarum,
852 2620 980 2668 tam
1030 2609 1328 2668 linearum
1386 2628 1570 2686 quam
1621 2607 1970 2686 superficie-

237 2723 395 2776 rum,
420 2703 693 2782 ejusdem
716 2713 810 2763 est
839 2713 1098 2776 naturae,
1123 2713 1187 2762 et
1205 2722 1329 2761 una
1352 2701 1708 2760 definitione
1731 2702 1972 2760 univer-

238 2799 350 2858 sali
394 2799 990 2877 comprehensibilis:
1044 2798 1270 2857 rectius
1313 2797 1571 2857 fortasse
1615 2796 1878 2869 fecisset,
1922 2797 1972 2855 si

237 2893 558 2972 parallelas
629 2894 985 2973 simpliciter
1042 2893 1372 2952 definisset.
1500 2893 1803 2952 Praeterea
1860 2892 1973 2951 nisi

239 3007 422 3048 causa
455 2988 659 3067 aliqua
697 2989 762 3048 in
802 2988 1157 3047 definitione
1196 2986 1624 3067 parallelarum
1669 2996 1971 3045 rectarum

237 3092 546 3162 appareat,
583 3103 770 3162 quare
810 3083 946 3143 duae
989 3092 1175 3142 rectae
1214 3102 1529 3160 nunquam
1582 3091 1970 3151 concurrant,

237 3177 571 3236 absurdum
601 3198 725 3237 non
767 3178 883 3237 erit
926 3178 976 3237 si
1026 3176 1376 3256 hujusmodi
1415 3176 1606 3235 lineas
1657 3175 1970 3253 possibiles

150 3321 154 3323 ,
237 3290 370 3330 esse
399 3271 841 3348 negaverimus.

324 3364 404 3425 B.
450 3365 652 3424 Defini
681 3386 825 3444 ergo
856 3365 1212 3444 simpliciter
1241 3365 1579 3443 parallelas

320 3460 402 3519 A.
447 3460 609 3518 Duoe
629 3459 804 3519 lineoe
824 3480 1204 3539 qnoecunque,
1224 3459 1352 3518 Sive
1373 3467 1560 3517 rectoe
1582 3458 1711 3516 Sive
1741 3474 1934 3513 curvoe
1944 3476 1967 3519 ;

238 3555 381 3614 item
411 3553 549 3613 duoe
578 3554 955 3632 superficie&
975 3553 1189 3634 planoe
1216 3551 1313 3611 vel
1337 3574 1453 3611 non
1486 3552 1723 3632 planoe,
1745 3546 1968 3627 paral-

235 3647 372 3708 Zeloe
398 3656 558 3718 sunt,
590 3649 652 3707 in
684 3669 830 3727 qua-s·
860 3649 1199 3708 incidentes
1230 3647 1405 3707 lineae
1434 3642 1966 3723 rectoefacientes-

403 3762 560 3804 VOL.
593 3762 686 3803 IV.
1767 3753 1803 3793 F

2038 544 2288 576 DIALOGUS

2130 613 2181 644 11.

2042 668 2280 697 κ-Ὓῄκ
