2462 4120
208 522 320 554 CAP.
342 524 428 556 XX.

198 581 436 607 *uf—2

181 627 238 661 De
255 629 477 664 dimensione

177 682 318 717 clreuh.

511 350 633 403 448
750 363 839 405 DE
875 364 1258 408 PRINCans
1295 367 1378 408 ET
1410 367 2006 410 RATloolNATIONE

511 501 636 574 Rd,
659 502 1077 583 productaque
1101 514 1170 565 ut
1200 514 1363 566 secet
1393 505 1499 579 ba,
1526 507 1832 567 absecabit
1862 517 2094 567 sextam
2114 510 2242 587 ejus

508 607 767 674 partem,
812 609 1063 677 propter
1104 600 1231 673 Ad,
1265 599 1351 658 ba
1397 601 1461 658 in
1499 601 1803 679 triangulo
1845 602 2000 661 Rha
2043 603 2241 681 paral-

508 691 675 750 lelas,
723 691 929 752 Quare
954 694 1264 753 abseeabit
1292 693 1356 751 in
1397 692 1474 752 ba
1504 705 1735 754 rectam
1763 697 2055 775 aequalem
2085 696 2243 756 sinui

506 804 685 844 arcus
717 786 828 844 Be.
921 787 1103 847 Quod
1152 787 1522 866 impossibile
1566 798 1676 859 est,
1706 790 1820 850 nisi
1855 791 1940 850 ba
1971 800 2242 851 transeat

503 899 614 957 per
641 900 714 939 0.·
758 900 897 939 011111
926 882 1005 939 sit
1034 892 1103 940 ut
1133 881 1242 939 Ad
1273 879 1509 958 (g—AD)
1545 882 1623 941 ad
1651 883 1787 953 AD,
1817 885 1906 944 ita
1947 885 2112 944 sinus
2142 906 2240 944 ar-

506 993 613 1032 cus
654 974 751 1033 Be
795 974 875 1033 ad
920 975 1264 1054 sextuplum
1318 975 1517 1035 sinum
1565 995 1741 1036 arcus
1795 977 1908 1037 Be.
1993 978 2240 1039 Transit

507 1086 652 1145 ergo
684 1066 770 1127 ba
794 1088 904 1147 per
936 1090 989 1127 0.

585 1161 819 1221 Eodem
852 1162 1053 1235 mod0,
1086 1162 1136 1221 si
1158 1182 1335 1222 arcus
1367 1162 1464 1222 Bc
1497 1173 1736 1223 secetur
1767 1164 2064 1238 bifariam,
2087 1166 2239 1226 fient

502 1274 679 1316 arcus
710 1256 1064 1328 duodecem,
1090 1267 1153 1316 et
1199 1257 1367 1316 sinus
1410 1257 1744 1317 eorundem
1787 1259 2088 1318 totidem:
2134 1261 2238 1338 qui

502 1348 670 1408 sinus
718 1369 955 1428 semper
1005 1359 1205 1423 erunt,
1251 1351 1430 1410 simul
1480 1353 1726 1431 sumpti,
1774 1353 2040 1413 minores
2093 1373 2241 1414 arcu
2321 1387 2325 1392 ·

503 1442 634 1516 BD,
682 1445 942 1522 majores
984 1454 1192 1503 tamen
1244 1455 1413 1504 reeta
1459 1445 1557 1507 ba.
1649 1446 1883 1506 Eadem
1926 1449 2238 1521 methodO,

500 1537 827 1597 bisecando
885 1539 948 1597 in
1006 1549 1391 1618 perpetuum,
1445 1541 1685 1600 ostendi
1736 1551 1959 1619 potest,
2006 1555 2241 1602 rectam

503 1652 743 1691 omnem
778 1633 1026 1691 ductam
1057 1634 1217 1693 infra
1250 1634 1345 1693 ΒΞ
1376 1634 1610 1716 ipsique
1638 1635 2012 1714 parallelam,
2036 1638 2240 1696 termi-

506 1736 715 1785 natam
761 1727 824 1785 in
855 1728 1039 1786 rectis
1070 1728 1199 1799 AB,
1226 1728 1347 1798 DS,
1379 1728 1675 1788 minorem
1725 1749 1854 1788 esse
1904 1750 2047 1790 arcu
2097 1731 2239 1791 BD:

500 1831 581 1895 et,
613 1842 721 1900 per
750 1843 1145 1901 consequenS,
1178 1832 1408 1882 rectam
1441 1823 1557 1896 BS,
1590 1824 1992 1902 compositam
2029 1845 2103 1884 ex
2143 1845 2240 1884 ra-

502 1917 604 1975 dio
631 1928 692 1976 et
722 1926 1016 1995 tangente
1045 1925 1123 1978 30
1143 1918 1463 1996 graduum,
1489 1938 1611 1977 non
1637 1938 1765 1977 esse
1795 1939 1943 1978 arcu
1973 1920 2082 1979 BD
2114 1941 2242 1979 ma-

494 2012 716 2089 jorem.
803 2013 1011 2071 Minor
1041 2023 1246 2071 autem
1278 2033 1408 2071 esse
1437 2032 1564 2071 non
1594 2022 1798 2090 potest
1824 2037 1836 2071 :
1885 2034 2021 2072 cum
2071 2014 2240 2074 loeus

500 2106 703 2165 nullus
734 2106 1008 2166 ulteriori
1048 2107 1372 2166 bisectioni
1404 2107 1650 2166 relictus
1681 2108 1778 2166 sit.
1864 2108 2064 2167 Etiam
2095 2129 2239 2187 geo-

500 2209 710 2260 metrae
741 2222 949 2261 omnes
980 2202 1083 2280 qui
1111 2201 1599 2279 magnitudinem
1630 2202 1841 2261 circuli
1873 2202 2238 2263 determina-

502 2305 666 2368 runt,
700 2316 908 2355 arcum
956 2298 1064 2356 BD
1103 2297 1337 2355 faciunt
1378 2298 1673 2355 minorem
1705 2317 1885 2375 quam
1935 2306 2027 2356 est
2070 2308 2240 2358 recta

503 2389 619 2447 BS.
685 2391 892 2450 Habes
924 2411 1069 2470 ergo
1095 2390 1675 2449 demonstrationem
1701 2390 2090 2468 quadraturae
2120 2393 2238 2451 cir-

503 2485 625 2543 culi
655 2487 855 2544 verbis
897 2486 1062 2545 haud
1093 2486 1286 2544 multo
1316 2485 1589 2564 pluribus
1619 2505 1801 2564 quam
1831 2505 1962 2565 quae
1993 2495 2134 2547 sunt
2173 2488 2237 2548 in

504 2580 978 2639 construetione.

593 2673 822 2733 Coroll.
854 2675 892 2733 i.
954 2675 1019 2734 Si
1042 2676 1338 2753 jungatur
1368 2681 1537 2733 recta
1567 2673 1676 2733 RG
1704 2693 1914 2733 secans
1949 2673 2057 2733 AD
2093 2675 2157 2734 in
2163 2676 2237 2755 s,

502 2768 805 2847 producta
835 2767 919 2827 ba
950 2769 1013 2827 in
1045 2790 1097 2841 e,
1124 2777 1186 2827 et
1207 2767 1302 2826 BS
1326 2767 1389 2826 in
1418 2767 1459 2839 i,
1486 2767 1602 2826 erit
1634 2768 1719 2827 Bi
1748 2768 1932 2827 tertia
1953 2788 2093 2847 pars
2113 2789 2236 2828 ree-

503 2873 583 2923 tae
614 2863 731 2934 BS,
764 2872 827 2921 et
852 2862 1101 2940 aequalis
1132 2861 1302 2920 arcui
1333 2861 1439 2921 BG
1468 2887 1482 2928 ;
1515 2869 1577 2920 et
1607 2859 1684 2920 be
1713 2862 1961 2940 aequalis
1993 2863 2239 2924 chordae

504 2957 651 3026 BG;
698 2967 762 3016 et
807 2956 915 3033 As
950 2955 1195 3035 aequalis
1242 2955 1415 3015 radio
1465 2955 1678 3015 circuli
1730 2958 1903 3034 cujus
1934 2957 2238 3035 quadrans

503 3051 749 3131 aequalis
797 3060 888 3110 est
932 3051 1100 3110 arcui
1149 3050 1294 3119 BG;
1341 3060 1403 3108 et
1433 3050 1548 3109 Ad
1592 3051 1800 3110 radius
1847 3071 2024 3110 arcus
2065 3052 2238 3130 eujus

503 3145 807 3225 quadrans
845 3144 1059 3203 circuli
1090 3144 1341 3222 aequalis
1382 3154 1474 3202 est
1519 3145 1689 3204 arcui
1723 3145 1856 3203 Be:
1905 3154 1966 3204 et
2010 3145 2072 3203 in
2102 3145 2238 3204 uni-

501 3260 763 3312 versum,
797 3258 1007 3299 omnes
1054 3248 1238 3297 rectae
1283 3238 1484 3298 ductae
1528 3240 1604 3297 ab
1653 3239 1709 3297 R
1744 3238 1823 3297 ad
1868 3259 2077 3298 arcum
2110 3237 2235 3311 BG,

503 3336 797 3395 secabunt
827 3332 939 3412 As,
971 3342 1032 3392 et
1062 3352 1271 3391 arcum
1292 3333 1416 3406 BG,
1441 3334 1504 3391 in
1529 3332 1767 3391 ratione
1799 3332 1955 3391 radii
1985 3332 2063 3391 ad
2093 3352 2236 3410 qua-

503 3430 784 3489 drantem
814 3449 850 3488 a
881 3447 944 3486 se
975 3426 1366 3505 descriptum.
1453 3428 1545 3486 Ex
1586 3447 1705 3504 quo
1737 3427 2013 3504 sequitur
2040 3425 2236 3485 facilis

503 3523 718 3582 divisio
750 3542 926 3582 arcus
967 3522 1092 3581 sive
1130 3522 1338 3600 anguli
1380 3522 1444 3581 in
1487 3521 1723 3581 ratione
1769 3521 1931 3595 data,
1963 3530 2034 3580 ut
2076 3519 2237 3580 infra

500 3618 739 3696 patebit
769 3616 846 3678 ad
878 3637 1011 3695 cap.
1044 3615 1212 3676 xxiii.
