2462 4120
224 530 472 564 D-IALOGUS

329 597 396 628 1V.

237 653 472 682 *st—u

553 359 663 411 136
904 370 1348 412 EXAMINATIO
1384 371 1466 411 ET
1500 368 1907 411 EMENDATIO

545 529 719 587 quom
751 528 877 587 per
911 523 956 570 ÷
993 507 1345 567 additionis.
1436 506 1725 586 Adeoque
1756 526 1890 584 quae
1929 525 2002 564 ex
2032 501 2261 597 {et-4¹}—

544 605 929 683 componitur
968 606 1144 677 ratio,
1178 603 1497 663 scribenda
1527 612 1619 662 est
1645 599 1864 695 ᾗχ-ξη
1909 622 2031 661 non
2068 609 2274 660 autem

555 698 607 780 {—
629 713 670 760 ÷
697 697 741 793 ᾗ
767 747 780 759 .

626 799 707 857 B.
755 799 931 857 Certe
960 819 1082 857 non
1113 797 1267 855 male
1308 796 1488 854 scribi
1520 796 1700 855 oredo
1723 797 1775 856 A
1800 797 1878 855 ad
1901 826 1931 854 α
1967 804 2013 847 4
2042 796 2093 855 B
2117 795 2195 854 ad
2215 803 2270 868 β,

542 912 654 970 pro
685 892 1122 970 compositione
1154 891 1457 950 rationum
1480 891 1535 949 A
1565 891 1641 949 ad
1665 921 1695 949 a
1721 901 1784 950 et
1807 892 1855 950 B
1876 891 1954 950 ad
1973 897 2010 959 β
2031 917 2045 960 ;
2084 910 2275 969 quan-

547 1006 727 1064 quam
758 1007 867 1064 pro
899 984 1401 1063 multiplicatione
1441 984 1808 1043 fractionum
1849 985 2005 1044 male
2049 985 2275 1044 scribe-

543 1089 712 1139 retur
740 1076 971 1172 {-†-s'}-,
1005 1089 1064 1138 et
1099 1089 1264 1138 recte
1296 1074 1515 1169 -ζζ-Χ-ἷξ.

628 1177 707 1236 Α.
756 1178 850 1236 Ita
893 1197 1055 1249 sane,
1103 1177 1152 1234 si
1187 1175 1370 1234 modo
1408 1195 1517 1253 per
1547 1175 1822 1253 symbola
1852 1175 2116 1234 scribere
2146 1195 2274 1234 om-

544 1272 690 1330 nino
742 1271 1152 1330 necessarium
1204 1280 1380 1329 esset.
1471 1269 1654 1329 Quod
1711 1269 1880 1328 addit
1907 1292 1919 1327 :
1985 1267 2276 1347 Adeoque

545 1373 677 1424 tota
707 1364 823 1423 illa
853 1364 928 1422 de
933 1363 1327 1442 fractionum
1357 1362 1865 1442 multiplicatione
1887 1370 1949 1420 et
1980 1361 2277 1421 divisione

545 1459 849 1518 tradendo.
887 1458 1192 1530 doctrina,
1242 1458 1320 1517 de
1365 1457 1670 1517 rationum
1723 1456 2169 1516 continuatione
2214 1464 2277 1515 et

546 1552 954 1611 imminutione
996 1552 1251 1630 pariter
1283 1550 1691 1631 intelligenda
1736 1551 1898 1619 erit,·
1942 1558 2081 1609 sunt
2122 1550 2278 1610 enim

546 1647 862 1726 ipsissima
893 1647 1107 1705 eadem
1135 1666 1239 1705 res
1260 1669 1280 1705 .·
1325 1646 1643 1724 promissio
1672 1654 1762 1705 est
1788 1645 2019 1724 Capitis
2038 1644 2180 1718 xlv„
2201 1644 2277 1704 de

542 1742 908 1799 fractionum
941 1750 998 1798 et
1031 1741 1338 1798 rationum
1385 1739 1743 1812 rationibus,
1775 1740 1850 1798 ab
1882 1738 2056 1797 initio
2087 1757 2277 1817 usque

545 1834 623 1892 ad
651 1837 834 1893 finem
864 1834 1298 1893 absurdissimi.
1385 1833 1639 1905 Deinde,
1682 1854 1796 1891 non
1843 1833 2018 1904 idem,
2058 1832 2276 1910 inquit,

543 1938 724 1988 sonat
753 1929 918 1987 ratio
971 1928 1317 2008 duplicata,
1361 1927 1712 2007 triplicata,
1744 1938 1879 2000 etc.‚
1913 1925 2074 2006 quod
2110 1925 2278 1984 ratio

546 2023 763 2102 tripla,
811 2022 1026 2102 dupla,
1070 2033 1184 2082 etc.
1273 2023 1383 2081 Est
1435 2022 1498 2080 in
1549 2041 1719 2093 son0,
1768 2021 1985 2096 fateor,
2033 2019 2278 2098 aliquod

547 2117 890 2189 discrimen,
912 2126 979 2175 ut
1009 2117 1168 2175 inter
1193 2116 1518 2195 dissyllaba
1549 2124 1610 2174 et
1641 2113 2124 2192 quadrisyllaba3
2171 2113 2277 2173 sed

546 2222 751 2270 tamen
782 2212 942 2270 idem
974 2212 1336 2289 significant.
1404 2211 1563 2269 Nam
1595 2209 1882 2288 quicquid
1913 2207 2276 2287 duplicatur,

545 2307 615 2365 fit
647 2327 766 2364 non
806 2305 1005 2364 minus
1038 2306 1288 2383 duplum
1322 2324 1505 2382 quam
1537 2303 1913 2381 duplicatum
1940 2328 1954 2370 ;
2001 2311 2063 2360 et
2114 2301 2278 2380 quod

549 2399 1026 2478 subduplicatur,
1081 2399 1352 2476 (ignosce
1402 2397 1678 2474 loquenti
1726 2416 1850 2455 non
1898 2395 2156 2468 Latine),
2209 2396 2279 2455 fit

547 2514 669 2553 non
700 2494 896 2552 minus
938 2493 1255 2551 dimidium
1285 2511 1466 2570 quam
1506 2490 2014 2568 subduplicatum.
2100 2489 2180 2548 Et
2208 2500 2280 2549 ut

547 2589 702 2647 ratio
737 2596 755 2646 l
795 2587 872 2646 ad
903 2597 937 2646 4
972 2598 1063 2646 est
1096 2586 1401 2664 duplicata
1429 2584 1683 2643 rationis
1722 2592 1744 2643 1
1783 2585 1861 2643 ad
1885 2593 1942 2656 2,
1967 2584 2053 2643 ita
2094 2584 2278 2643 etiam

549 2682 732 2760 dupla
789 2691 898 2751 est,
958 2701 1174 2759 nempe
1234 2680 1392 2738 ratio
1453 2678 1728 2737 defectus
1788 2678 2097 2756 duplicata
2153 2678 2277 2740 sive

550 2775 751 2854 dupla.

635 2870 712 2929 B.
760 2869 1014 2928 Memini
1057 2869 1188 2928 haec
1240 2867 1452 2927 eadem
1497 2867 1710 2926 eodem
1755 2866 1936 2926 modo
1979 2865 2280 2944 explicata

549 2984 676 3023 esse
722 2964 786 3022 in
837 2962 1150 3040 colloquiis
1198 2961 1630 3040 superioribuS,
1667 2971 1729 3020 et
1775 2980 1918 3020 vera
1961 2980 2090 3020 esse
2130 2960 2277 3020 satis

549 3058 764 3118 sentio.
974 3073 977 3077 ·
1436 3117 1444 3125 ,

631 3153 712 3212 Α.
760 3151 942 3213 Quod
972 3160 1174 3210 autem
1203 3150 1359 3210 ratio
1389 3150 1610 3209 iterata
1637 3170 1762 3208 non
1807 3149 1992 3228 dupla
2020 3147 2280 3208 dicenda

550 3248 628 3307 sit
657 3247 762 3306 sed
802 3246 1126 3323 duplicata,
1179 3246 1606 3305 confirmatum
1652 3254 1830 3323 putat
1881 3244 1956 3303 ab
2003 3242 2277 3315 Euclide,

550 3344 653 3421 qui
698 3350 990 3419 perpetuo
1038 3340 1230 3399 utitur
1278 3340 1395 3399 hoo
1447 3358 1628 3398 sensu
1683 3339 1933 3398 vocibus
1976 3346 2275 3408 διπλασίονα,

545 3451 863 3509 τριπλασίονα,
893 3446 1031 3502 etc.‚
1063 3455 1184 3493 non
1217 3444 1396 3502 δι’πλεν,
1417 3449 1623 3504 τρίπλυν,
1657 3453 1853 3512 neque
1899 3441 2152 3495 διπλάσιον,
2189 3459 2279 3501 τρι-

548 3536 765 3592 πλάσιον;
809 3529 916 3588 sed
945 3529 1067 3587 vim
1107 3528 1333 3587 nullam
1363 3527 1583 3594 habet;
1628 3548 1770 3586 nam
1798 3527 1990 3586 utitur
2018 3534 2282 3582 διπλασίονι,

547 3626 608 3684 in
645 3645 816 3703 prop.
849 3624 956 3683 ult.
983 3623 1171 3682 Elem.
1200 3623 1301 3695 ix„
1334 3632 1394 3681 et
1422 3621 1483 3680 in
1515 3641 1685 3699 prop.
1714 3628 1813 3692 20,
1836 3619 2027 3680 Elem.
2059 3617 2165 3691 iii.,
2197 3614 2276 3676 ad
