2462 4120
594 382 1118 429 MATHEMATICAE
1154 382 1557 425 HomERNAE.
1823 374 1934 427 183

200 531 456 591 ticorum
498 525 774 586 continue
814 522 1238 595 crescentium,
1279 543 1318 580 a
1354 531 1592 601 puncto
1633 523 1731 583 vel
1766 530 1804 585 Ο
1844 525 1934 584 in
1999 546 2250 581 mALoGus

198 626 458 685 choatar
459 641 601 689 um;
662 619 833 678 ratio
891 638 1074 697 quam
1130 615 1311 675 habet
1374 616 1490 675 illa
1560 617 1650 676 acl
1716 619 1937 678 seriem
2104 615 2150 647 v.
2238 671 2244 680 ‚

200 719 448 780 totidem
477 714 757 774 maximoe
788 711 1130 792 (equalium,
1162 709 1539 790 subtriplum
1573 711 1940 790 superabit;

198 812 438 891 eritque
467 827 756 868 eoeeessus
789 827 865 865 ea
904 805 1093 876 ratio,
1139 824 1322 884 quam
1372 803 1560 863 habet
1602 805 1809 863 unitas
1859 807 1948 865 ad

197 903 538 985 sextuplum
567 901 799 961 numeri
835 900 1225 960 terminorum
1262 906 1410 979 post
1454 905 1534 968 O;
1579 899 1726 970 sive,
1758 922 1941 979 quam

198 1000 383 1061 habet
411 997 605 1057 radix
634 995 1013 1077 quadratica
1048 994 1295 1053 termini
1323 993 1525 1073 primi
1560 1001 1709 1073 post
1749 1001 1807 1067 O,
1855 995 1946 1054 ad

197 1093 546 1175 sextuplum
581 1091 824 1151 radicis
865 1089 1258 1170 quadratiece
1300 1087 1545 1148 termini
1586 1088 1942 1148 mumioni.—

200 1189 375 1249 Clare
404 1189 505 1247 hio
533 1188 824 1265 loquutus
854 1195 966 1245 est.

285 1284 365 1344 B.
412 1282 718 1361 Intelligo.
836 1281 1182 1353 Rationem,
1244 1300 1428 1358 quam
1499 1278 1685 1337 habet
1757 1278 1943 1337 series

201 1378 605 1439 crescentium
633 1377 712 1436 ad
743 1377 962 1435 seriem
992 1374 1250 1434 totidem
1282 1373 1564 1434 maximae
1595 1372 1943 1451 aequalium,

201 1475 494 1553 majorem
522 1491 653 1531 esse
679 1470 827 1530 dicit
859 1491 1042 1548 quam
1071 1469 1228 1529 ratio
1262 1478 1282 1528 1
1316 1469 1394 1528 ad
1426 1476 1483 1541 3,
1507 1476 1680 1527 tanto
1714 1478 1945 1545 quanto

202 1577 293 1628 est
321 1567 478 1626 ratio
507 1565 760 1626 unitatis
791 1565 868 1624 ad
899 1564 1250 1643 sextuplum
1278 1564 1517 1623 numeri
1543 1562 1947 1622 terminorum

201 1681 342 1753 post
371 1679 430 1745 0,
454 1672 572 1730 hoc
603 1680 713 1744 est,
746 1670 807 1729 in
840 1670 1049 1748 serie
1032 1656 1133 1685 ΟΜ
1155 1655 1223 1685 *⁴
1206 1666 1543 1748 ,(:.—-),
1577 1667 1879 1726 rationem
1912 1676 1946 1725 5

203 1771 282 1832 ad
328 1779 399 1831 12
448 1770 742 1848 majorem
789 1789 920 1828 esse
961 1770 1197 1828 ratione
1237 1777 1258 1827 1
1298 1768 1377 1828 ad
1421 1776 1456 1828 3
1495 1767 1621 1826 sive
1662 1774 1698 1825 4
1738 1766 1818 1825 ad
1856 1774 1948 1839 12,

202 1876 377 1927 tanto
409 1876 636 1944 quanta
665 1874 760 1923 est
789 1864 948 1923 ratio
989 1872 1010 1922 l
1050 1863 1129 1922 ad
1167 1871 1258 1923 12.

289 1961 368 2021 A.
415 1962 607 2020 Recte
638 1959 947 2038 intelligis,
1034 1960 1143 2018 Est
1195 1966 1403 2018 autem
1455 1956 1696 2016 falsum.
1788 1955 1951 2014 Nam

203 2057 360 2117 ratio
411 2063 445 2114 5
500 2054 579 2114 ad
633 2062 704 2114 12
757 2054 1007 2132 aequalis
1056 2063 1218 2113 esset
1269 2052 1563 2112 ambabus
1616 2051 1797 2111 simul
1853 2070 1952 2109 ra-

204 2151 473 2211 tionibus
504 2158 526 2209 l
566 2149 643 2208 ad
686 2156 723 2208 3
761 2157 820 2208 et
858 2155 884 2207 1
920 2148 1000 2208 ad
1038 2157 1145 2209 12:
1192 2168 1330 2227 quae
1382 2147 1651 2206 rationes
1702 2166 1952 2224 compo-

207 2246 359 2319 sitae,
398 2246 578 2324 juxta
615 2244 1028 2304 definitionem
1063 2243 1256 2302 Elem.
1288 2242 1368 2301 vi.
1402 2248 1459 2314 5,
1492 2241 1729 2300 faciunt
1765 2241 1954 2299 ratio-

206 2360 346 2400 nem
390 2348 412 2400 l
460 2339 539 2400 ad
589 2347 687 2399 36.
795 2339 908 2398 Est
959 2359 1105 2417 ergo
1156 2338 1313 2397 ratio
1362 2346 1395 2396 5
1442 2337 1522 2396 ad
1570 2345 1645 2396 12
1702 2335 1953 2414 aequalis

207 2436 430 2496 rationi
467 2443 489 2495 l
529 2435 607 2495 ad
639 2442 737 2495 36.
825 2435 939 2494 Vel
964 2435 1014 2494 si
1043 2435 1206 2493 inter
1232 2441 1265 2493 5
1293 2443 1355 2492 et
1387 2441 1457 2492 12
1490 2432 1954 2511 interponamus

209 2537 267 2601 4,
298 2538 366 2589 ut
396 2530 518 2589 sint
548 2540 672 2589 tres
705 2528 1078 2608 quantitates
1113 2535 1169 2600 5,
1208 2535 1268 2598 4,
1306 2535 1399 2599 12,
1452 2527 1610 2586 ratio
1658 2526 1873 2605 primae
1917 2531 1951 2583 5

209 2623 287 2684 ad
317 2624 561 2683 tertiam
603 2631 668 2683 12
703 2625 898 2702 major
945 2624 1062 2683 erit
1111 2623 1352 2682 ratione
1392 2631 1426 2681 4
1471 2622 1551 2681 ad
1590 2629 1683 2694 12,
1733 2620 1797 2679 id
1844 2631 1954 2691 est,

211 2717 446 2777 ratione
492 2718 808 2797 subtripla,
860 2727 1037 2777 tanto
1090 2724 1321 2796 quanta
1365 2725 1458 2775 est
1503 2716 1660 2775 ratio
1702 2723 1737 2774 5
1773 2713 1852 2773 ad
1894 2721 1953 2772 4.

214 2812 447 2889 Itaque,
499 2831 610 2891 per
655 2813 884 2871 bonum
939 2822 1212 2871 vestrum
1257 2811 1689 2891 professorem,
1740 2810 1955 2869 eadem

216 2915 307 2966 est
335 2906 557 2965 ratio5
590 2907 668 2966 ad
696 2916 732 2967 4
766 2917 827 2967 et
864 2915 887 2967 l
925 2907 1004 2967 ad
1042 2915 1137 2968 12.

298 3000 381 3058 B.
425 3001 612 3059 Error
641 3002 994 3061 manifestus
1037 3011 1151 3075 est,
1194 3010 1254 3060 et
1304 3001 1552 3078 quidem
1595 3002 1791 3079 major
1831 2999 1955 3068 illo,

217 3113 399 3172 quem
449 3095 670 3154 erravit
725 3096 789 3155 in
837 3096 1118 3156 doctrina
1170 3095 1503 3174 spiralium.
1594 3094 1780 3155 Quod
1830 3113 1956 3152 non

216 3188 393 3248 facile
423 3187 832 3248 credidissem.

304 3282 383 3342 A.
427 3282 581 3342 Vide
606 3285 731 3361 jam
758 3284 820 3343 id
845 3285 1009 3363 quod
1032 3285 1172 3344 inde
1197 3284 1402 3357 infert,
1426 3304 1665 3362 nempe,
1690 3283 1741 3342 si
1771 3282 1955 3341 series

217 3379 350 3437 haec
380 3377 736 3454 quadratiea
771 3387 929 3438 esset
967 3379 1224 3451 infinita,
1267 3398 1503 3438 summa
1551 3377 1955 3436 crescentium

219 3471 300 3530 ad
327 3491 623 3530 summam
653 3471 909 3530 totidem
938 3473 1359 3544 maximarum,
1386 3482 1547 3530 esset
1577 3479 1861 3530 accurate
1891 3469 1954 3525 in

219 3565 455 3624 ratione
503 3571 526 3623 l
570 3563 648 3622 ad
689 3572 743 3623 3.
836 3565 935 3624 sic
993 3567 1155 3625 enim
1202 3564 1682 3644 probate—Cum
1733 3570 1953 3632 (cutem,

221 3664 531 3719 crescente
560 3677 804 3717 numero
837 3660 1249 3733 terminorum,
1280 3679 1569 3720 excessus
1606 3657 1714 3717 ille
1758 3674 1955 3735 Supra
