2462 4120
793 1214 950 1282 AD
1044 1213 1518 1291 REGEM.

1033 1475 1280 1487 uu—

200 1688 388 1748 FERO
448 1687 528 1748 ad
577 1698 660 1762 te,
717 1691 1162 1769 potentissime,
1216 1692 1618 1765 serenissime,
1678 1691 1907 1771 optime
1961 1691 2113 1765 Rex,

197 1811 652 1894 humillimeque
711 1817 920 1889 offer0,
979 1817 1361 1896 problemata
1418 1815 1700 1896 quaedam
1758 1835 1895 1875 mea
1952 1815 2116 1874 circa

198 1937 453 1998 Naturae
500 1939 929 2015 Phaenomena,
975 1962 1101 2001 non
1141 1942 1325 2002 modo
1372 1941 1478 2001 illa
1523 1961 1659 2020 quae
1709 1941 1785 2000 ab
1833 1939 2115 1999 omnibus

195 2063 506 2124 observari
535 2065 750 2139 solent,
783 2066 890 2126 sed
922 2067 1107 2127 etiam
1154 2067 1258 2127 illa
1297 2067 1416 2127 alia
1458 2087 1594 2146 quae
1641 2067 1717 2127 ab
1765 2067 2114 2126 hominibus

193 2189 525 2268 ingeniosis
574 2209 685 2269 per
731 2201 930 2251 artem
978 2201 1040 2252 et
1084 2192 1399 2253 machinas
1445 2193 1795 2272 nuperrime
1843 2192 2115 2252 exhibita

198 2325 376 2376 sunt:
422 2316 896 2378 meditationum
925 2339 1201 2380 mearum
1230 2320 1623 2400 physicarum
1652 2328 1892 2399 partem
1922 2320 2114 2380 maxi-

195 2463 359 2503 mam
383 2453 446 2504 et
474 2445 1043 2523 probabilissimam.

282 2569 518 2650 Redegi
569 2579 774 2630 autem
818 2591 910 2645 ea,
953 2571 1184 2631 ordinis
1236 2591 1439 2644 causa,
1483 2570 1562 2630 ad
1608 2570 1814 2649 capita
1858 2577 2108 2648 septem.

199 2712 245 2766 1,
276 2694 370 2753 De
395 2694 726 2756 Gravitate.
773 2714 851 2770 11,
882 2697 975 2756 De
996 2696 1271 2756 AEstibus
1301 2697 1579 2756 Marinis.
1627 2714 1735 2769 111,
1767 2696 1860 2755 De
1878 2694 2106 2754 Vacuo.

198 2839 293 2893 lv,
324 2820 418 2880 De
445 2821 681 2882 Calore.
769 2842 835 2897 v,
866 2823 958 2883 De
988 2824 1160 2883 Duro
1191 2833 1253 2884 et
1291 2824 1485 2884 Molli.
1572 2842 1667 2896 VI,
1701 2823 1793 2883 De
1822 2823 2109 2900 Tempes-

196 2947 425 3007 tatibus
483 2948 680 3009 Aeris.
785 2969 912 3024 VII,
961 2951 1053 3011 De
1113 2950 1366 3012 diversis
1425 2952 1714 3012 Motuum
1762 2949 2107 3029 generibus.

197 3074 436 3136 Quibus
466 3074 710 3153 adjecta
740 3086 833 3136 est
864 3077 1215 3157 Duplieatio
1243 3078 1423 3137 Cubi.

277 3203 585 3282 Principia
627 3204 900 3284 physica,
933 3224 1060 3264 non
1089 3215 1161 3265 ut
1191 3204 1574 3265 definitiones
1605 3212 1668 3263 et
1698 3202 2005 3262 axiomata
2043 3201 2106 3259 in

193 3329 644 3401 mathematica,
696 3332 1037 3392 certissima
1093 3343 1254 3407 sunt,
1313 3332 1420 3393 sed
1485 3339 1728 3391 tantum
1775 3328 2103 3406 supposita.

194 3454 466 3514 Effectus
496 3455 659 3514 enim
689 3455 944 3516 Naturae
981 3456 1145 3516 idem
1189 3458 1336 3537 quin
1366 3478 1403 3517 a
1434 3458 1567 3516 Deo
1600 3456 1853 3515 Naturae
1894 3452 2105 3512 eondi-

193 3587 326 3641 tore
357 3580 562 3642 multis
592 3581 790 3642 modis
819 3582 1082 3643 conduci
1111 3584 1400 3663 potuerit,
1432 3582 1584 3643 nihil
1606 3580 1907 3660 prohibet.
