2462 4120
227 549 339 582 CAP.
365 549 439 582 111.

218 605 457 634 s——r--ae

239 657 296 691 De
312 667 442 692 vacuo.

528 375 648 428 326
986 386 1451 429 PROBLEMATA
1481 386 1803 429 PHYsch.

527 523 888 584 suctionem.
975 525 1100 585 Cur
1129 545 1274 605 ergo
1303 546 1430 586 non
1459 525 1827 586 ascendebat
1871 543 2030 603 aqua
2067 521 2148 582 ad
2191 541 2265 582 ea

524 618 835 696 implenda
863 619 1089 698 absque
1119 621 1438 680 suctione?
1521 621 1580 680 Is
1621 621 1725 698 qui
1775 619 1940 698 sugit
1976 616 2263 697 phialam,

523 732 722 791 neque
766 713 830 772 in
875 724 1154 774 ventrem
1195 715 1538 794 quicquam,
1585 734 1782 793 neque
1822 715 1886 772 in
1926 712 2264 791 pulmoneS‚

523 827 724 886 neque
780 807 845 866 in
891 828 958 868 os
1011 829 1044 868 e
1095 810 1298 888 phiala
1355 809 1583 885 exugit.
1674 808 1841 869 Quid
1891 827 2036 886 ergo
2094 802 2262 883 agit?

524 901 750 961 Aerem
779 903 1126 977 commovit,
1159 903 1308 963 etin
1338 904 1610 982 partibus
1653 904 1783 981 ejus
1830 910 2118 962 conatum
2166 919 2266 958 su-

525 995 727 1074 gendo
774 997 959 1056 efficit
995 1017 1105 1076 per
1146 1017 1212 1057 os
1250 997 1531 1067 exeundi,
1579 1005 1640 1056 et
1680 1017 1807 1056 non
1853 993 2259 1066 admittendO,

527 1098 816 1149 conatum
876 1090 1190 1150 redeundi.
1278 1091 1375 1151 Ab
1429 1091 1523 1150 his
1575 1090 1894 1150 conatibus
1944 1087 2267 1149 contrariis

527 1183 917 1262 componitur
966 1183 1310 1243 circumitio
1367 1184 1532 1243 intra
1575 1183 1865 1262 phialam,
1905 1191 1967 1242 et
2011 1190 2268 1241 conatus

530 1276 794 1336 exeundi
824 1297 1326 1355 quaquaversum.
1415 1278 1632 1356 Itaque
1669 1276 1892 1356 phialae
1939 1295 2045 1335 ore
2094 1294 2271 1353 aquae

530 1372 839 1444 immerSO‚
871 1390 976 1430 aer
1004 1371 1068 1430 in
1093 1371 1429 1449 subjectam
1460 1391 1681 1449 aquam
1703 1380 1985 1449 penetrat
2009 1389 2041 1428 e
2065 1367 2272 1448 phiala

531 1465 870 1545 egredienS,
903 1473 963 1523 et
991 1465 1353 1523 tantundem
1385 1485 1556 1544 aquae
1586 1465 1652 1524 in
1678 1465 1947 1542 phialam
1977 1462 2164 1541 cogit.

616 1559 698 1619 A.
744 1559 1048 1618 Praeterea
1092 1559 1183 1618 vis
1229 1559 1333 1618 illa
1376 1579 1600 1638 magna
1651 1559 1946 1619 suctionis
1991 1556 2161 1630 facit,
2199 1563 2271 1616 ut

534 1653 807 1732 sugentis
836 1652 1008 1712 labra
1048 1673 1189 1711 cum
1229 1653 1384 1712 collo
1423 1654 1644 1732 phialae
1683 1651 2011 1732 aliquando
2054 1649 2270 1710 arctis·-

536 1747 686 1807 sime
705 1747 1052 1807 cohaereant
1070 1755 1321 1826 propter
1339 1756 1693 1807 contactum
1714 1745 2268 1826 exquisitissimum.

1241 2049 1570 2072 ΙΙ

1251 2297 1423 2357 CAP.
1469 2297 1575 2358 IV.

781 2471 1253 2515 PROBLEMATA
1285 2471 1375 2513 DE
1413 2471 1678 2513 CALORE
1722 2471 1806 2512 ET
1841 2470 2038 2513 LUCE.

628 2600 704 2662 A.
752 2602 921 2663 QUAE
954 2622 1137 2662 causa
1166 2608 1260 2661 est
1290 2600 1509 2660 caloris
1535 2599 1555 2659 Ρ

631 2697 712 2757 Β.
759 2697 939 2756 Unde
967 2696 1127 2756 nosti
1156 2716 1235 2756 an
1265 2695 1344 2754 sit
1374 2694 1439 2753 in
1467 2714 1672 2754 rerum
1700 2703 1924 2753 natura
1953 2692 2280 2771 quicquam

548 2791 812 2852 calidum
842 2799 1063 2869 praeter
1091 2790 1355 2868 teipsum
1383 2788 1403 2847 ἓ

631 2885 691 2946 Α
739 2886 902 2947 Quia
930 2885 1124 2944 sentio
1165 2904 1263 2943 me
1297 2903 1337 2943 a
1374 2882 1728 2962 corporibus
1758 2879 2120 2960 quibusdam
2149 2878 2281 2939 aliis

547 2980 830 3042 calefieri.

631 3075 710 3135 B.
758 3078 796 3106 “
822 3046 1135 3143 Calefacit,
1167 3092 1314 3151 ergo
1346 3071 1504 3131 calet
1526 3071 1596 3131 '⁹2
1642 3090 1768 3130 non
1799 3077 1892 3129 est
1933 3069 2098 3128 bona
2136 3086 2281 3127 con-

546 3168 881 3249 sequentia.
970 3167 1091 3227 Sed
1122 3187 1304 3246 quam
1334 3165 1523 3226 sentis
1567 3165 1697 3245 ipse
1728 3162 1999 3243 corporis
2027 3161 2120 3222 tui
2147 3181 2281 3221 mu-

545 3265 841 3325 tationem
872 3261 1019 3321 dum
1041 3261 1288 3321 calescis
1310 3259 1331 3320 ἓ

630 3357 710 3419 Α.
755 3355 950 3416 Video
982 3365 1185 3416 cutem
1223 3354 1376 3414 mihi
1419 3362 1632 3414 aestate
1675 3371 1858 3432 quam
1894 3350 2113 3428 hyeme
2151 3367 2281 3408 esse

549 3452 1025 3533 explicatiorem.
1111 3450 1191 3509 Et
1221 3469 1355 3508 sum
1395 3447 1762 3528 quandoque
1802 3443 2059 3504 debilior
2101 3441 2281 3502 solito

547 3567 676 3627 prae
695 3546 916 3607 calore.
962 3546 1043 3606 Et
1068 3543 1266 3606 sentio
1286 3543 1458 3624 quasi
1477 3542 1726 3624 spiritus
1744 3539 1959 3601 vitales
1977 3536 2280 3599 exhalare.

547 3642 750 3703 Etiam
781 3639 955 3702 sudo,
