2462 4120
595 368 709 424 108
950 381 1395 426 EXAMINATIO
1430 383 1515 424 ET
1548 382 1959 425 EMENDATIO

272 541 522 575 DIALOGUS
585 518 1039 598 Multiplicare,
1070 522 1287 601 inquit,
1318 529 1412 580 est
1440 539 1747 579 numerum
1776 521 2040 581 invenire
2069 521 2171 600 qui
2201 521 2314 580 da-

387 609 438 640 II.

277 610 514 694 ,ΞΓ-..κ

585 621 713 673 tam
742 613 964 673 habeat
990 616 1290 674 rationem
1319 616 1408 674 acl
1442 634 1745 672 numerum
1775 614 2001 675 datum.
2091 615 2315 674 Utrum

582 708 917 787 propositio
942 709 1073 769 haec
1101 710 1267 787 (nam
1295 708 1566 768 definitio
1591 727 1716 766 non
1747 709 1864 786 est)
1891 729 2033 768 vera
2059 729 2138 768 an
2161 709 2315 769 falsa

584 802 681 875 sit,
711 803 894 862 unico
938 805 1214 883 exemplo
1258 801 1520 879 intelligi
1562 811 1786 880 potest.
1875 803 1967 863 Sit
1997 803 2172 863 datus
2200 823 2314 862 nu-

583 915 787 955 merus
832 897 1087 976 quilibet
1131 906 1190 969 6,
1239 907 1301 956 et
1345 897 1490 955 data
1532 896 1692 956 ratio
1736 904 1773 955 4
1805 896 1884 957 ad
1915 905 1970 956 5.
2057 897 2314 957 Potesne

582 999 653 1050 tu
681 1000 788 1050 aut
816 991 917 1050 ille
957 1011 1278 1050 numerum
1310 990 1632 1068 quaesitum
1676 990 1946 1050 invenire
1984 1011 2093 1069 per
2123 991 2315 1051 solam

582 1085 1149 1163 multiplicationem
1176 1086 1196 1144 ?
1282 1085 1478 1143 Datus
1501 1090 1538 1143 6
1563 1085 2054 1163 multiplicandus
2077 1095 2188 1159 est,
2208 1086 2316 1145 sed

581 1199 691 1257 per
721 1200 900 1258 quem
929 1200 1248 1238 numerum
1275 1178 1295 1236 ?
1385 1179 1558 1251 Quis,
1603 1179 1870 1257 inquam,
1903 1190 1995 1239 est
2024 1180 2315 1258 multipli-

582 1293 727 1332 cans
753 1274 772 1333 Ρ
859 1275 956 1333 An
987 1274 1496 1351 multiplicantem
1523 1273 1796 1333 invenias
1825 1292 1934 1351 per
1952 1273 2314 1351 multiplica-

582 1368 853 1427 tionem?
941 1367 1283 1427 Productus
1332 1368 1449 1427 erit
1501 1368 1600 1446 7}-
1690 1367 1852 1426 Nam
1896 1375 1955 1439 4,
2004 1374 2060 1439 5,
2107 1374 2166 1440 6,
2212 1367 2312 1445 7-ὲ,

583 1472 725 1521 sunt
780 1461 1286 1540 proportionales,
1385 1462 1725 1521 Numerum
1786 1481 1933 1540 ergo
1993 1461 2316 1540 quaesitum

582 1576 708 1616 non
751 1556 1020 1615 invenies
1067 1555 1184 1614 nisi
1229 1555 1557 1615 dividendo
1605 1555 1684 1636 7ss
1726 1575 1836 1634 per
1878 1561 1937 1613 6.
2025 1555 2313 1633 Emerget

584 1660 787 1710 autem
818 1661 1037 1729 quotus
1076 1647 1422 1718 l?;=†}={
1442 1697 1455 1709 .
1545 1651 1828 1711 Quanam
1872 1658 2077 1708 autem
2107 1649 2312 1709 multi-

584 1746 914 1824 plicatione
945 1745 1211 1823 reperies
1242 1745 1429 1804 istum
1456 1742 1528 1814 ΞΡ

666 1837 743 1897 Β.
790 1838 1085 1916 Intelligit
1129 1838 1231 1897 ille
1276 1838 1489 1898 datum
1537 1848 1817 1917 oportere
1861 1856 1989 1896 esse
2025 1836 2316 1916 multipli-

585 1942 845 2006 cantem,
878 1952 1135 2010 eumque
1165 1933 1419 1992 unitatis
1454 1933 1819 2011 multiplum.

667 2028 748 2086 A.
793 2027 916 2086 Alii
967 2027 1212 2105 quidem
1270 2028 1357 2086 ita
1412 2028 1781 2106 intelligunt.
1880 2026 2125 2086 Interea
2173 2045 2318 2086 vero

587 2122 859 2181 definitio
896 2141 1075 2200 quam
1105 2122 1234 2200 ipse
1263 2123 1459 2195 affert,
1487 2122 1705 2182 vitiosa
1735 2130 1860 2191 est3
1907 2141 2091 2199 quam
2112 2128 2319 2179 tamen

587 2217 665 2276 ad
703 2217 850 2276 alias
886 2217 1070 2275 etiam
1110 2217 1483 2294 quantitates
1526 2216 1812 2295 applicat,
1842 2215 2025 2294 paulo
2067 2213 2319 2274 inferius

589 2311 816 2385 dicens,
876 2310 1293 2390 multiplicare
1351 2331 1482 2371 esse
1528 2311 1689 2370 datce
1740 2309 1932 2370 alicui
1986 2308 2322 2389 quantitati

587 2405 774 2465 aliam
803 2406 866 2465 in
897 2406 1053 2465 data
1081 2407 1325 2466 ratione
1357 2405 1658 2465 exhibere.

670 2500 751 2559 B.
796 2501 1056 2560 Erravit.

669 2593 749 2652 A.
796 2595 993 2654 Tanto
1018 2595 1224 2654 decuit
1252 2595 1425 2654 illum
1453 2595 1653 2653 minus
1679 2593 2097 2652 definitionem
2119 2610 2319 2670 repre-

586 2688 854 2748 hendere
878 2689 1123 2748 allatam
1156 2690 1232 2748 ab
1263 2688 1536 2762 Euclide,
1573 2707 1812 2767 nempe,
1844 2685 2010 2766 quod
2040 2705 2321 2746 numerus

587 2803 893 2843 numerum
924 2783 1333 2863 multiplicare
1373 2783 1623 2855 dicitur,
1653 2781 1898 2863 quando
1921 2789 2060 2860 quot
2088 2787 2229 2838 sunt
2259 2779 2322 2838 in

588 2878 724 2958 ipso
753 2878 1046 2951 unitatcS,
1081 2878 1261 2937 toties
1291 2877 1670 2958 componitur
1698 2877 1754 2935 is
1793 2875 1900 2956 qui
1942 2873 2321 2954 multiplica-

589 2981 711 3045 tur,
743 2971 1036 3051 etfactus
1068 2980 1161 3031 est
1190 2971 1445 3052 aliquiS.

670 3067 753 3126 B.
800 3062 966 3126 Quid
997 3077 1091 3124 est
1122 3065 1286 3144 quod
1313 3066 1414 3124 hic
1442 3063 1878 3143 reprehendit?

672 3160 753 3219 A.
801 3159 986 3221 Quod
1014 3180 1132 3218 vox
1177 3161 1330 3230 haec,
1362 3159 1418 3219 is
1462 3158 1569 3239 qui
1615 3157 2091 3238 multiplicatur,
2120 3155 2324 3235 posita

590 3255 669 3314 sit
697 3255 760 3313 in
792 3253 1144 3313 definitione
1177 3251 1726 3334 multiplicationis,

672 3349 753 3408 B.
799 3349 1021 3408 Nonne
1050 3348 1314 3407 merito?

673 3442 753 3503 A.
798 3443 912 3502 Ita.
1019 3441 1141 3501 Sed
1171 3462 1310 3500 cum
1347 3440 1588 3501 tantillo
1630 3459 1813 3518 opere
1860 3437 2174 3499 emendari
2211 3458 2323 3517 po-

591 3538 731 3611 tuit,
762 3537 989 3597 rectius
1028 3536 1290 3609 fecisset,
1323 3535 1605 3607 arbitror,
1654 3534 1702 3592 si
1749 3533 2074 3593 emendata
2117 3532 2321 3611 potius

590 3653 734 3691 usus
785 3640 960 3705 esset,
1003 3650 1185 3710 quam
1232 3630 1280 3688 si
1324 3630 1536 3690 falsam
1584 3628 1648 3687 in
1691 3628 1891 3688 locum
1933 3628 2064 3706 ejus
2101 3625 2322 3687 substi-

591 3728 826 3787 tuisset.
