2462 4120
641 370 760 422 352
1097 382 1557 425 PROBLEMATA
1590 386 1909 427 PHYsmA.

334 538 445 570 cAP.
472 538 560 571 vn.
635 516 895 576 ferentia
919 516 939 574 Ρ
1027 518 1192 580 Num
1221 522 1442 581 virium
1467 543 1711 582 suarum
1736 534 1977 583 tantum
2005 524 2259 603 perdere
2300 526 2365 585 in

279 643 454 680 Demotu
472 659 550 692 per,
638 611 878 670 tantillo
909 613 1103 690 spatio
1132 626 1359 694 potest,
1391 626 1683 695 quantum
1715 629 1807 677 est
1835 618 1991 678 EG?

276 700 518 747 P⁶⁰d³⁰¹¹¹³r³’
545 705 615 736 εἴθ·
718 704 796 764 Β.
842 705 1115 767 Minime.
1205 710 1627 787 Supponemus
1658 712 1819 769 enim
1861 713 2088 771 nullam
2120 713 2365 773 omnino

633 800 832 877 perire
878 811 1116 878 partem
1157 804 1518 863 velocitatis,
1609 805 1728 863 Sed
1779 825 1962 865 causa
2007 807 2366 866 differentiae

633 903 743 963 est,
773 895 953 973 quod,
973 897 1295 956 velocitate
1314 898 1630 976 utriusque
1652 899 1791 976 pilae
1810 901 2105 960 existente
2125 901 2364 979 aequali,

631 988 824 1048 altera
851 989 930 1048 ad
957 991 1255 1069 parietem
1301 991 1479 1050 citius
1517 1012 1700 1070 quam
1730 993 1922 1052 altera
1949 995 2271 1072 perfertur,
2301 995 2366 1054 in

631 1102 704 1141 ea
760 1091 1105 1162 temporum
1162 1085 1400 1143 ratione
1459 1105 1640 1162 quam
1697 1086 1883 1145 habet
1938 1087 2054 1147 EG
2103 1088 2182 1147 ad
2236 1089 2364 1147 EF.

634 1178 999 1257 Quanquam
1031 1179 1192 1238 enim
1221 1179 1538 1257 utriusque
1579 1180 1718 1257 pilae
1750 1180 2146 1241 consideratae
2188 1182 2364 1241 abso-

630 1271 758 1330 lute
786 1272 1075 1331 velocitas
1106 1272 1313 1330 eadem
1349 1273 1444 1344 sit,
1471 1272 1855 1332 considerata
1876 1283 2080 1333 tamen
2112 1275 2175 1333 in
2204 1275 2363 1353 ipsa-

629 1383 766 1423 rum
796 1385 1041 1424 accessu
1072 1365 1150 1424 ad
1178 1365 1474 1443 parietem
1503 1367 1698 1443 major
1720 1375 1813 1425 est
1842 1367 1945 1426 illa
1971 1369 2034 1427 in
2053 1369 2162 1427 EF
2183 1388 2363 1447 quam

629 1460 691 1518 in
723 1460 856 1531 EG,
886 1459 950 1517 in
979 1459 1216 1517 ratione
1246 1459 1515 1537 ipsarum
1545 1460 1672 1532 EF,
1704 1461 1837 1520 EG.

712 1553 791 1612 A.
841 1552 1102 1614 Quando
1132 1553 1257 1631 pila
1278 1574 1402 1613 non
1424 1563 1706 1632 penetrat
1727 1555 2043 1633 parietem,
2069 1552 2175 1615 sed
2193 1556 2269 1615 ab
2289 1576 2361 1616 eo

630 1650 1060 1729 repercutitur,
1092 1650 1431 1728 angulusne
1464 1651 1628 1710 idem
1667 1652 1738 1710 fit
1772 1671 1911 1710 cum
1945 1652 2177 1731 pariete
2217 1652 2362 1712 dum

629 1744 1059 1823 repercutitur,
1101 1744 1203 1823 qui
1251 1754 1384 1804 erat
1418 1765 1557 1804 cum
1597 1744 1927 1805 incideret:
1974 1754 2042 1804 ut
2089 1746 2221 1805 fieri
2263 1746 2359 1806 de-

628 1859 915 1918 prensum
946 1848 1039 1898 est
1068 1838 1132 1897 in
1164 1839 1349 1898 radiis
1381 1839 1720 1899 solaribus?

711 1934 790 1992 B.
841 1934 903 1993 Si
935 1934 1190 2012 angulos
1220 1935 1664 1994 mensuraveris
1693 1954 1884 2013 prope
1913 1932 2228 2012 parietem,
2250 1934 2358 1994 dif-

627 2028 887 2088 ferentia
927 2027 1228 2087 sensibilis
1267 2048 1392 2087 non
1435 2028 1569 2101 erit,
1611 2049 1748 2107 quae
1790 2028 2015 2105 alioqui
2054 2027 2170 2086 erit
2212 2029 2358 2088 satis

627 2142 865 2201 magna.
955 2122 1167 2181 Motus
1209 2122 1368 2181 enim
1410 2122 1549 2200 pilae
1588 2131 1882 2200 perpetuo
1922 2140 1958 2180 a
1997 2122 2358 2199 repercussi-

628 2236 744 2275 one
772 2216 1155 2294 languescit:
1203 2216 1367 2295 quod
1396 2235 1519 2275 non
1551 2216 1623 2275 fit
1666 2216 1729 2274 in
1765 2215 2119 2275 reflectione
2161 2215 2356 2276 radio-

628 2331 762 2370 rum
792 2312 1097 2371 solarium.

711 2406 791 2465 A.
841 2406 1139 2466 Quaenam
1169 2414 1263 2464 est
1292 2424 1474 2464 causa
1515 2403 2034 2482 repercussionis?
2122 2403 2356 2482 Corpus

626 2500 790 2558 enim
844 2500 1008 2579 quod
1056 2498 1388 2578 procedere
1439 2518 1563 2557 non
1620 2506 1843 2575 potest,
1895 2507 2131 2557 motum
2180 2517 2356 2557 suum

624 2594 907 2672 perdidit.
999 2593 1177 2654 Unde
1209 2613 1355 2672 ergo
1385 2593 1655 2653 nascitur
1685 2601 1886 2651 motus
1915 2591 2016 2651 ille
2045 2611 2354 2670 repercus-

626 2688 851 2748 sionis?

707 2784 788 2842 B.
835 2783 1045 2843 Motus
1095 2781 1590 2862 repercussioniS‚
1641 2781 1800 2840 sicut
1853 2789 1917 2839 et
1965 2780 2351 2854 reflectionis,

626 2877 821 2937 oritur
869 2899 906 2937 a
950 2878 1202 2957 parietis
1251 2877 1610 2937 resistentia.
1717 2875 1887 2934 Inter
1936 2874 2353 2934 reflectionem

624 2971 868 3031 luminis
918 2981 980 3031 et
1029 2972 1170 3051 pilae
1222 2969 1665 3031 consideranda
1715 2968 2059 3028 differentia
2105 2977 2218 3042 est,
2261 2987 2352 3027 re-

626 3065 930 3144 spondens
978 3067 1241 3125 motibus
1279 3064 1700 3124 differentibus
1738 3062 2068 3142 pressionis
2114 3071 2175 3121 et
2218 3081 2350 3140 per-

626 3160 938 3220 cussionis,
1024 3161 1206 3220 Actio
1245 3160 1407 3219 enim
1450 3179 1569 3238 qua
1614 3158 1950 3218 reflectitur
1991 3156 2217 3229 lumen,
2258 3163 2352 3214 est

624 3255 858 3334 pressio
877 3255 1052 3328 aeriS,
1078 3255 1204 3315 sive
1224 3255 1639 3333 cujuscunque
1661 3252 1847 3312 medii
1873 3249 2179 3329 diaphani,
2210 3268 2348 3308 con-

623 3358 721 3409 tra
767 3369 985 3428 corpus
1030 3350 1194 3409 unde
1242 3349 1615 3417 reflectitur3
1662 3367 1844 3426 quam
1890 3344 2073 3404 efficit
2107 3342 2217 3415 sol,
2250 3342 2349 3402 vel

625 3443 791 3504 aliud
819 3463 1037 3522 corpus
1080 3444 1290 3504 lucens
1318 3444 1415 3503 vel
1457 3442 1902 3509 illuminatum;
1948 3459 2061 3499 nec
2091 3438 2211 3497 alia
2251 3456 2347 3496 res

626 3549 721 3598 est
748 3546 971 3617 praeter
1001 3547 1288 3597 conatum
1319 3537 1692 3596 contrarium
1721 3535 1785 3594 in
1815 3534 2184 3593 reflectente.
2259 3530 2348 3590 Ut

625 3633 868 3711 quando
899 3632 1015 3693 viri
1056 3632 1175 3691 duo
1203 3633 1555 3710 pectoribus
1583 3637 1928 3710 premerent
1967 3627 2117 3687 duos
2145 3625 2345 3685 baculi
