2462 4120
556 354 1077 397 MATHEMATICAE
1114 355 1518 397 HoDIERNAE.
1783 347 1893 400 129

168 506 261 557 est
289 494 486 574 pretii,
519 514 717 573 neque
756 495 808 552 is
852 494 953 573 qui
1000 489 1169 552 illum
1212 494 1468 571 scripsit.
1562 496 1898 575 Scripserat
1959 516 2206 549 DIALOGUS

168 589 556 670 Oughtredus
589 588 802 667 Capite
834 598 1006 647 sexto
1045 587 1255 646 Clavis
1279 586 1754 665 Mathematieoe,
1787 594 1897 652 sub
1968 643 1978 655 ,
2054 585 2126 616 ¹¹¹·
2190 641 2204 655 .

165 685 425 756 initium,
458 683 621 762 quod
653 682 933 761 quotiens
966 682 1241 740 divisoris
1273 682 1351 741 ad
1383 682 1776 744 dividendum
1808 708 1901 747 ra-

163 779 392 839 tionem
441 777 702 862 indica-t,
786 777 1015 835 Verum
1050 775 1114 834 in
1145 775 1414 834 editione
1443 778 1703 854 Anglica
1732 780 1900 839 inve-

163 874 266 934 nio
297 893 369 932 eo
400 872 555 945 loco,
588 872 963 951 quotientem
998 891 1133 930 esse
1162 870 1462 929 rationem
1492 871 1657 930 illam
1688 874 1898 951 ipsam.

165 969 342 1028 Forte
372 987 518 1047 ergo
548 968 702 1027 liber
731 967 832 1026 ille
856 966 1151 1046 Anglicus
1183 986 1258 1025 ex
1279 966 1562 1025 versione
1594 978 1685 1026 est
1714 969 1902 1046 ipsius

162 1062 436 1122 Wallisii.

250 1157 330 1216 B.
375 1156 621 1230 NesciO,
647 1157 754 1217 sed
782 1176 998 1236 parum
1028 1157 1251 1225 refert3
1284 1175 1409 1215 non
1441 1156 1603 1215 enim
1634 1156 1903 1216 creditur

163 1251 591 1331 Oughtredum
621 1253 707 1311 sic
736 1252 893 1312 verti
923 1252 1203 1311 voluisse.

248 1346 329 1407 A.
374 1347 639 1425 Pergens
666 1371 678 1406 ε
746 1346 1298 1427 Comparationem,
1357 1367 1490 1426 quoe
1549 1355 1643 1406 est
1698 1348 1907 1426 quoad

164 1441 602 1519 differentiam,
634 1442 724 1501 ad
768 1442 1217 1522 quantitatem;
1261 1450 1330 1500 at
1379 1463 1513 1522 quoe
1555 1442 1763 1522 quoad
1801 1463 1903 1500 ra-

165 1536 404 1608 tionem,
425 1536 516 1595 ad
528 1535 889 1616 qualitatem
912 1537 1304 1616 referendam
1321 1556 1476 1610 esse,
1496 1538 1600 1597 ait.
1647 1538 1903 1615 Nempe,

163 1629 328 1689 illam
357 1629 436 1690 ad
465 1629 1006 1709 praedicamentum
1036 1631 1424 1711 quantitatis,
1456 1632 1615 1691 hanc
1645 1631 1723 1690 ad
1752 1652 1906 1710 prae-

164 1723 578 1784 dicamentum
636 1723 979 1804 qualitatis.
1089 1725 1211 1784 Sed
1271 1727 1500 1804 quare?
1608 1726 1771 1787 Quia
1828 1728 1903 1785 ab

165 1817 419 1877 Euellde
440 1818 728 1878 definitul·
746 1833 852 1880 ποιὰ
878 1832 1051 1894 σχέσις.
1117 1821 1212 1878 ΕΠ
1232 1820 1331 1878 th
1355 1831 1742 1895 κατηγοριμανίαν
1766 1842 1904 1900 pro·

161 1913 456 1973 fessorum
515 1914 1020 1974 academicorum.
1112 1915 1280 1976 Quid
1339 1923 1545 1974 autem
1599 1916 1906 1993 significat

160 2021 265 2066 ποιὰ
289 2020 445 2083 σχέσις
468 2018 489 2066 Ρ

246 2108 326 2168 Β.
371 2107 820 2168 Habitudinem
841 2108 1289 2188 qualitativam,
1308 2118 1378 2168 ut
1396 2109 1498 2168 ille
1521 2129 1682 2168 nunc
1702 2111 1903 2170 vertit.

165 2202 286 2263 Sed
314 2203 515 2263 fateor
544 2224 642 2263 me
684 2223 807 2263 non
847 2204 1190 2282 intelligere
1220 2224 1418 2282 neque
1451 2204 1599 2283 quid
1628 2206 1707 2264 sit
1737 2205 1909 2265 liabi-

165 2299 326 2373 tudo,
358 2318 554 2378 neque
580 2300 727 2378 quid
758 2299 838 2359 sit
868 2299 1255 2378 qualitativa.
1331 2299 1515 2359 Dices
1546 2299 1805 2359 fortasse
1837 2310 1906 2359 tu

162 2393 278 2455 hoc
304 2394 438 2454 loco
469 2394 741 2453 tussiisse
772 2394 958 2454 etiam
985 2394 1321 2454 Euclidem.

247 2489 326 2549 A.
380 2489 733 2568 Sequuntur
776 2489 1062 2568 deinceps
1116 2488 1252 2548 duae
1299 2489 1539 2567 paginae
1580 2489 1643 2547 in
1687 2490 1904 2568 quibus

161 2582 600 2662 interpretatur
647 2583 794 2661 quid
841 2583 964 2642 sint
1015 2583 1387 2663 progressio
1423 2584 1812 2662 geometrica
1843 2595 1905 2643 et

154 2677 529 2758 progressio
587 2676 1001 2750 arithmetica,
1051 2677 1336 2736 continua
1387 2686 1450 2736 et
1509 2679 1862 2759 interrupta
1883 2702 1905 2746 ,·

162 2771 268 2830 ubi
306 2792 430 2831 non
468 2780 596 2831 tam
648 2771 820 2830 deest
849 2772 1093 2843 veritaS,
1128 2792 1310 2849 quam
1355 2772 1671 2831 abundant
1700 2774 1903 2831 verba.

165 2866 361 2944 Caput
390 2866 746 2934 vicesimum
777 2877 1035 2938 sextum,
1084 2867 1358 2926 continet
1388 2867 1725 2926 solutiones
1756 2888 1904 2945 qua-

162 2959 422 3020 rundam
468 2961 873 3038 quaestionum
932 2961 1204 3020 facilium
1254 2981 1365 3039 per
1414 2962 1905 3039 progressionem

163 3055 630 3127 arithmeticam,
655 3054 784 3113 sine
816 3053 1461 3128 demonstrationibuS,
1486 3066 1556 3113 ut
1587 3055 1750 3133 apud
1779 3056 1905 3113 vul-

163 3171 276 3229 gus
300 3150 824 3208 arithmeticorum
853 3151 1284 3228 practicorum.
1332 3150 1530 3228 Caput
1551 3150 1907 3209 vicesimum

165 3243 490 3323 septimum
537 3243 748 3302 eadem
781 3253 843 3303 et
873 3245 1168 3303 nonnulla
1212 3244 1330 3303 alia
1362 3243 1637 3323 ejusdem
1666 3244 1906 3322 generis

163 3357 275 3417 per
304 3336 577 3416 symbola
606 3336 1002 3411 demonstrat,
1034 3339 1234 3398 minus
1264 3338 1601 3417 perspicue,
1632 3358 1743 3396 nec
1773 3340 1907 3396 bre-

163 3431 297 3490 vius
356 3450 537 3508 quam
595 3431 829 3507 possint
896 3431 1305 3492 demonstrari
1373 3432 1650 3490 oratione
1707 3432 1903 3509 plena.

165 3524 447 3602 Denique
505 3524 705 3601 capite
764 3524 1049 3583 vicesimo
1111 3537 1330 3585 octavo
1390 3526 1602 3583 eadem
1662 3525 1904 3583 brevius

165 3619 395 3689 scribit,
447 3617 554 3676 sed
607 3618 1048 3679 obscurissime.
1140 3621 1344 3698 Caput
1393 3620 1745 3689 vicesimum
1798 3639 1906 3675 no·-

333 3728 488 3771 VOL.
515 3729 608 3770 1v.
1693 3730 1738 3769 K
