2462 4120
789 347 879 389 DE
911 347 1196 392 NATURA
1227 349 1453 394 AERIS.
1860 347 1978 400 289

257 490 471 541 centro
496 502 566 562 g,
605 481 864 543 ducatur
908 504 1019 563 per
1065 506 1104 543 a
1155 487 1566 548 semicirculus
1618 492 1752 550 aleb
1797 504 1979 556 rectae

257 577 372 636 DP
411 595 738 636 occurrens
785 578 848 637 in
888 578 946 650 h,
980 587 1285 658 rectaeque
1336 579 1421 639 ab
1467 582 1529 641 in
1576 583 1627 643 b.
1716 587 1979 667 Ideoque

255 682 506 750 propter
545 693 627 731 ca
672 673 969 751 aequalem
1019 674 1251 733 semissi
1297 684 1483 735 rectae
1534 677 1669 750 DV,
1716 689 1843 740 tum
1890 704 1980 763 eg

256 766 490 825 semissi
518 766 655 840 TD,
688 767 803 826 erit
832 766 917 826 ab
947 768 1183 827 semissi
1213 768 1332 827 YV
1366 771 1631 848 aequalis,
1693 774 1980 854 Adeoque

247 861 466 939 juncta
496 859 587 920 Pb
618 871 680 921 et
710 862 1084 935 continuata,
1117 873 1397 921 occurret
1426 875 1654 941 puncto
1685 867 1755 925 Y.
1820 870 1981 929 Duc-

254 955 453 1034 tisque
483 954 585 1026 bh,
609 955 700 1015 ha
731 956 934 1029 rectiS‚
967 957 1082 1016 erit
1113 957 1370 1035 angulus
1401 956 1536 1016 blaa
1559 971 1779 1034 rectuS,
1809 962 1982 1040 ipsae-

255 1070 372 1130 que
404 1050 506 1123 bh,
535 1049 624 1110 ka
655 1051 1002 1111 semissibus
1054 1061 1360 1111 rectarum
1389 1052 1533 1125 YX,
1564 1053 1690 1112 XY
1724 1057 1983 1134 aequales

255 1155 319 1206 et
347 1145 673 1225 parallelae.

339 1244 380 1271 ‘⁶
405 1240 561 1302 Quae
592 1239 834 1319 quidem
872 1260 1018 1300 vera
1051 1251 1211 1300 sunt.
1301 1240 1422 1300 Sed
1465 1261 1590 1302 non
1624 1242 1773 1301 item
1809 1254 1870 1303 et
1900 1265 1984 1303 se-

255 1335 525 1414 quentia,
557 1354 776 1414 nempe
803 1358 817 1394 t
862 1335 1095 1395 bisecta
1124 1336 1330 1414 itaque
1352 1336 1463 1395 YZ
1493 1336 1556 1396 in
1588 1336 1629 1410 i,
1654 1338 1985 1418 junctaque

255 1430 328 1489 ih
355 1456 370 1499 ;
437 1429 556 1489 erit
612 1429 793 1489 Yilzb
850 1431 1295 1509 rectangulum,
1351 1440 1412 1490 et
1462 1430 1565 1490 Yb
1621 1441 1807 1491 rectae
1863 1434 1986 1492 XV

253 1525 560 1604 parallela.
671 1524 793 1584 Sed
850 1535 912 1584 et
956 1526 1065 1584 YZ
1117 1525 1315 1584 eidem
1364 1525 1491 1584 XV
1541 1526 1829 1605 parallela
1876 1538 1985 1588 est.

254 1621 417 1700 Ergo
474 1630 538 1680 et
585 1620 717 1694 YZ,
771 1620 929 1680 sicut
987 1621 1120 1699 ipsa
1175 1619 1295 1694 Yb,
1353 1621 1653 1699 producta
1710 1632 1989 1682 occurret

254 1725 484 1794 puncto
515 1715 580 1775 P.

339 1813 379 1841 “
403 1810 557 1869 Haec
587 1809 705 1869 ille.
778 1809 901 1870 Sed
929 1809 1106 1869 male.
1175 1810 1464 1889 Sequitur
1492 1810 1702 1889 utique
1734 1831 1808 1871 ex
1836 1831 1989 1890 prae-

254 1902 433 1963 dictis
463 1902 598 1962 Yilz
616 1902 650 1962 b
679 1903 1316 1982 parallelogrammum
1347 1923 1497 1977 esse,
1529 1904 1636 1963 sed
1677 1925 1803 1964 non
1842 1906 1989 1964 item

252 1998 717 2078 rectangulum:
763 1997 1040 2076 adeoque
1080 2018 1193 2058 nec
1243 1998 1343 2057 Yb
1384 2008 1570 2058 rectae
1619 1999 1746 2058 XV
1791 2000 1990 2078 paral-

252 2091 453 2155 lelam.
540 2092 685 2152 Non
717 2093 879 2152 enim
916 2093 1107 2171 (quod
1136 2094 1251 2172 ipsi
1280 2092 1482 2153 fraudi
1512 2093 1654 2171 fuit)
1691 2095 1834 2173 quia
1860 2094 1991 2154 blaa

253 2186 546 2266 angulum
576 2195 813 2246 rectum
856 2207 985 2247 esse
1017 2187 1389 2259 ostenderat,
1422 2187 1560 2247 ideo
1594 2187 1711 2248 blm·
1752 2201 1990 2249 rectum

253 2301 384 2342 6556
414 2281 724 2361 sequitur:
770 2282 889 2340 nisi
930 2281 1108 2341 simul
1142 2282 1609 2356 demonstrarat,
1638 2293 1871 2345 rectam
1901 2285 1990 2344 ab

252 2377 673 2437 continuatam
704 2375 782 2436 ad
811 2386 1110 2456 punctum
1140 2377 1163 2436 z·
1191 2377 1600 2457 pertingere.”

338 2473 419 2533 B.
466 2473 819 2533 Mirandum
847 2493 992 2533 sane
1018 2483 1129 2546 est,
1155 2493 1521 2553 quemquam
1552 2492 1682 2532 esse
1707 2472 1828 2551 qui,
1850 2492 1988 2531 cum

253 2567 832 2629 demonstrationem
874 2579 1002 2628 tam
1041 2568 1282 2628 facilem
1331 2580 1393 2628 et
1435 2568 1816 2648 perspicuam
1865 2588 1987 2626 non

251 2663 640 2738 intellexerit,
674 2664 749 2724 de
780 2663 1049 2743 quaesitis
1080 2673 1287 2723 tamen
1324 2665 1388 2723 in
1433 2663 1771 2742 geometria
1816 2661 1986 2721 nobi-

251 2758 514 2833 lissimiS,
545 2760 883 2839 praesertim
914 2759 1263 2819 hominibus
1305 2760 1399 2836 (ut
1427 2758 1709 2837 putabat)
1746 2756 1985 2828 exteriS‚

251 2852 506 2913 auderet
534 2853 923 2933 respondere.
1013 2853 1357 2912 Confitetur
1398 2851 1579 2911 Yz‘hb
1617 2871 1746 2910 esse
1790 2850 1984 2928 paral-

251 2946 750 3026 lelogrammum:
782 2955 969 3026 negat
999 2967 1128 3006 esse
1157 2948 1597 3026 rectangulum.
1646 2945 1799 3005 Quis
1825 2944 1985 3003 enim

251 3061 377 3101 non
417 3042 606 3113 videt,
643 3042 946 3120 completo
987 3041 1216 3100 circulo
1247 3041 1452 3113 abblc,
1494 3041 1739 3100 ductam
1768 3038 1881 3117 hg,
1924 3046 1985 3095 et

251 3136 612 3214 productam
643 3137 721 3196 ad
752 3135 1307 3196 circumferentiam
1347 3137 1410 3195 in
1445 3136 1502 3207 lc,
1534 3135 1824 3214 aequalem
1855 3150 1984 3190 esse

250 3240 315 3290 et
342 3232 693 3310 parallelam
723 3232 871 3290 TZ:
919 3241 981 3289 et
1021 3229 1133 3300 Pb,
1167 3232 1268 3289 (ιΤ
1299 3250 1426 3290 6556
1467 3230 1747 3308 6611116165,
1788 3237 1849 3285 et
1878 3244 1984 3302 per

252 3345 625 3406 consequens
656 3326 746 3386 ab
776 3325 1139 3405 productam
1179 3325 1438 3384 transire
1472 3344 1582 3403 per
1612 3331 1883 3382 centrum
1912 3318 1981 3387 T,

250 3428 314 3479 et
341 3421 601 3499 proinde
631 3440 837 3480 secare
856 3419 982 3478 XY
1003 3418 1285 3478 bifariam
1316 3429 1379 3479 et
1403 3419 1480 3478 ad
1502 3418 1755 3496 angulos
1783 3421 1981 3473 rectos

251 3514 316 3573 in
346 3514 371 3574 z·
394 3514 416 3572 P

338 3606 418 3667 A.
465 3608 651 3686 Atqui
682 3608 980 3668 refutator
1039 3617 1280 3667 tantum
1352 3608 1562 3667 abesse
1621 3605 1723 3675 ait,
1786 3607 1853 3658 ut
1911 3617 1981 3656 eo

421 3719 575 3762 voL.
604 3721 697 3762 IV.
1772 3712 1816 3752 U
