2462 4120
618 340 1135 383 MATHEMATICAE
1171 340 1570 381 HODIERNAE.
1836 324 1954 389 227

234 490 434 544 motus
484 481 563 541 ad
619 479 1016 560 producenda
1073 479 1477 556 phaenomena
1535 488 1769 538 naturae
1827 480 1955 538 fere

236 577 438 637 omnia
467 576 546 635 sit
575 575 846 635 omnium
875 583 1152 632 motuum
1183 572 1549 651 aptissimus,
1582 574 1724 651 quia
1752 582 1955 633 tamen

233 691 272 731 a
299 670 539 730 nemine
557 678 699 730 ante
729 669 896 728 illum
923 667 1379 727 animadversus
1402 676 1465 725 et
1488 668 1820 745 explicatus
1845 678 1957 740 est,

233 764 489 824 lectores
538 764 717 843 pauci
762 763 1012 822 ductum
1063 761 1375 833 orationiS,
1428 781 1547 839 qua
1606 773 1806 821 motus
1857 763 1957 822 ille

234 858 598 919 describitur
628 868 691 918 et
720 865 1128 936 computatur,
1153 855 1330 915 facile
1361 855 1531 934 sequi
1559 867 1831 933 possunt.

317 953 398 1012 A.
445 953 510 1012 Si
553 953 687 1032 quis
716 973 902 1012 manu
933 960 1142 1011 teneat
1183 968 1406 1028 corpus
1451 949 1700 1028 aliquod
1744 951 1957 1028 figurae

234 1049 665 1126 cujuscunque,
716 1056 867 1125 puta
916 1045 1121 1124 pilam,
1174 1064 1207 1103 e
1256 1063 1375 1122 qua
1421 1043 1546 1121 pila
1588 1044 1961 1121 promineret

235 1141 424 1221 stylus
456 1141 810 1219 scriptorius
837 1167 851 1209 ;
897 1159 975 1199 an
1030 1138 1271 1198 difficile
1325 1147 1419 1196 est
1468 1138 1808 1215 imaginari,
1841 1157 1960 1215 quo

233 1235 416 1296 modo
447 1234 548 1294 ille
579 1254 650 1294 eo
682 1235 838 1313 stylo
867 1234 1063 1312 possit
1089 1234 1328 1292 literam
1361 1232 1626 1310 aliquam
1656 1231 1963 1310 alphabeti

237 1328 427 1390 ductu
448 1328 742 1389 continuo
774 1327 1064 1388 exarare?

319 1424 401 1484 B.
446 1424 617 1484 Nihil
634 1423 890 1483 facilius,

320 1519 401 1578 A.
449 1518 631 1579 Quod
661 1519 712 1578 si
740 1519 945 1597 plures
976 1518 1155 1578 simul
1205 1517 1346 1596 styli
1390 1514 1830 1595 prominerent,
1877 1515 1965 1573 ita

238 1621 307 1673 ut
334 1614 619 1674 tabellam
648 1613 910 1693 aliquam
941 1631 1150 1672 omnes
1175 1610 1353 1671 simul
1371 1619 1691 1690 tangerent
1714 1636 1728 1678 ;
1760 1629 1966 1668 nonne

238 1709 402 1769 idem
431 1709 644 1769 eodem
673 1718 946 1787 tempore
975 1708 1182 1767 literas
1205 1707 1408 1785 plures
1432 1725 1681 1765 exarare
1704 1702 1963 1783 poterit?

324 1803 404 1863 B.
450 1802 639 1876 Mille,
701 1803 751 1861 si
795 1802 947 1875 vult,
1001 1811 1062 1861 et
1109 1810 1201 1860 tot
1253 1801 1376 1860 sint
1427 1800 1586 1879 styli.
1676 1799 1797 1858 Sed
1847 1798 1966 1858 illae

238 1906 419 1958 erunt
448 1917 657 1957 omnes
687 1897 848 1956 inter
878 1916 942 1955 se
967 1895 1191 1955 similes
1222 1903 1283 1954 et
1312 1895 1595 1973 aequales,

320 1989 396 2050 A.
444 1990 516 2049 Id
547 1989 791 2069 quidem
821 1990 1205 2050 manifestum
1240 1998 1351 2049 est.
1400 1989 1521 2048 Sed
1571 1988 1704 2067 quis
1733 1987 1967 2048 interea

237 2093 438 2144 motus
461 2093 523 2143 et
545 2084 740 2163 qualis
771 2084 1008 2144 dicetur
1037 2083 1225 2143 totius
1254 2083 1436 2162 pilae?

318 2178 402 2238 B.
448 2179 749 2252 ProfeetO,
810 2199 990 2258 quem
1056 2187 1292 2238 motum
1346 2178 1532 2237 habet
1588 2178 1768 2237 unius
1826 2177 1969 2256 styli

240 2273 562 2352 cujuslibet
590 2274 810 2352 cuspiS,
843 2272 1103 2332 eundem
1133 2272 1383 2331 habebit
1413 2272 1614 2350 cuspis
1646 2271 1786 2350 styli
1816 2272 1966 2331 alte-

238 2367 365 2427 rius
394 2367 845 2445 cujuscunque3
889 2369 1013 2426 imo
1043 2386 1188 2426 vero
1219 2375 1515 2445 punctum
1536 2386 1728 2425 unum
1774 2366 1967 2444 quod-

239 2461 389 2522 libet
416 2471 546 2521 tum
574 2461 714 2540 pilae
744 2471 875 2521 tum
904 2482 1138 2522 manus,

326 2554 406 2614 A.
451 2555 658 2614 Motus
699 2556 827 2633 jam
856 2556 996 2634 pilae
1024 2557 1154 2634 ipse
1186 2563 1298 2627 est,
1332 2575 1510 2634 quem
1556 2556 1823 2635 appellat
1868 2557 1968 2615 ille

244 2655 459 2707 motum
496 2648 865 2709 circularem
911 2649 1273 2731 simplicem,
1318 2671 1444 2710 non
1489 2651 1672 2710 modo
1725 2651 1967 2730 quando

243 2741 383 2819 pilae
404 2751 629 2820 puncta
657 2743 1011 2804 describunt
1040 2745 1317 2818 circuIOS‚
1350 2745 1455 2804 sed
1496 2747 1684 2805 etiam
1725 2746 1967 2824 quando

247 2834 541 2911 quaslibet
563 2835 710 2896 alias
735 2837 1088 2898 describunt
1109 2839 1354 2917 figuras,
1385 2840 1568 2899 modo
1599 2850 1828 2919 puncta
1865 2840 1969 2899 illa

246 2936 420 2986 motu
447 2937 554 2988 suo
583 2929 662 2989 ad
689 2931 825 2991 loca
853 2933 1108 2992 redeant
1130 2933 1294 2994 unde
1323 2935 1555 2994 moveri
1586 2936 1966 3014 inceperunt.

250 3019 440 3098 Cujus
466 3031 667 3081 motus
705 3026 1042 3103 proprietas
1071 3046 1193 3086 una
1222 3036 1332 3099 est,
1359 3037 1431 3087 ut
1476 3029 1761 3107 quaelibet
1809 3029 1970 3088 linea

247 3113 312 3172 in
333 3113 458 3192 pila
479 3125 717 3194 sumpta
733 3118 964 3179 feratur
986 3121 1102 3180 sibi
1123 3141 1361 3200 semper
1379 3123 1685 3201 parallela.
1734 3124 1970 3183 Notan-

251 3205 395 3265 dum
426 3217 516 3267 est
547 3210 730 3269 etiam
760 3212 898 3285 hoc,
923 3215 1088 3292 quod
1116 3226 1350 3276 naturae
1380 3238 1504 3277 non
1533 3227 1834 3297 repugnat
1862 3217 1969 3276 tali

249 3309 442 3374 motu,
474 3321 835 3381 quamquam
862 3307 1259 3384 velocissimo,
1297 3310 1555 3371 describi
1598 3332 1775 3390 posse
1819 3312 1966 3387 figu-

252 3412 382 3452 ram
439 3394 624 3454 etiam
668 3397 1152 3463 minutissimam.
1262 3405 1447 3465 Hunc
1488 3416 1723 3465 motum
1768 3405 1970 3463 telluri

254 3486 499 3565 quidem
527 3489 642 3549 toti
673 3491 952 3554 attribuit
982 3495 1389 3575 Copernicus3
1439 3500 1718 3559 Hobbius
1765 3507 1968 3557 autem

1716 3604 1759 3649 Q
1789 3607 1811 3641 2

2012 497 2261 531 DIALOGUS

2147 566 2178 597 Ι.

2023 566 2260 652 »ρΣ-κ
