2462 4120
829 389 1388 432 GEOMETRARUM.
1848 379 1967 434 409

237 540 429 592 tatem
476 538 582 589 aut
628 527 888 587 duarum
934 536 1240 586 rectarum
1293 527 1665 587 distantiam.
1754 528 1969 608 Neque

237 626 484 686 omnino
531 622 814 703 possibile
861 631 954 681 est
999 622 1200 680 ideam
1243 623 1470 681 habere
1515 622 1689 681 lineae
1731 623 1969 682 infinite

234 721 568 801 productae.
656 719 954 786 Fortasse,
987 736 1062 775 ex
1092 736 1164 775 eo
1201 716 1365 795 quod
1405 717 1468 775 in
1519 727 1800 776 neutram
1830 738 1971 796 par-

234 826 361 875 tem
400 813 767 883 coincidant‚
801 811 1205 870 demonstrari
1244 821 1453 890 potest
1494 811 1657 889 quod
1697 823 1839 870 sunt
1863 832 1970 890 pa-

234 909 475 981 rallelae‚
507 909 631 968 sive
661 907 823 986 quod
872 907 1099 984 ubique
1138 927 1305 986 aeque
1337 906 1588 977 distant,
1620 905 1727 964 sed
1752 926 1825 964 ex
1855 907 1973 966 alia

233 1004 659 1084 parallelarum
690 1003 814 1062 sive
844 1001 1358 1080 aequidistantium
1390 1000 1762 1059 definitione.

318 1098 555 1158 Deinde
584 1118 696 1177 per
725 1098 915 1156 bonas
940 1095 1324 1155 definitiones
1344 1094 1752 1154 demonstrari
1776 1095 1974 1154 solent

234 1201 297 1252 et
348 1192 575 1252 debent
621 1191 1040 1251 conclusiones
1076 1191 1324 1268 primae:
1369 1191 1485 1250 hac
1515 1210 1660 1249 vero
1691 1189 1975 1250 Euclides

234 1307 536 1367 nusquam
566 1286 779 1346 utitur.

320 1382 615 1442 Definitio
648 1380 908 1460 denique
955 1400 1152 1459 neque
1197 1379 1685 1439 demonstrabilis
1718 1389 1829 1451 est,
1861 1399 1975 1439 nec

145 1534 147 1537 .
237 1497 366 1537 esse
420 1477 637 1536 debet:
685 1496 823 1535 cum
868 1475 947 1534 sit
993 1474 1533 1534 demonstrationis
1584 1473 1974 1552 principium.

321 1573 502 1632 Hanc
532 1581 736 1631 autem
760 1571 1191 1630 demonstrabo
1221 1590 1258 1628 a
1288 1568 1644 1628 definitione
1674 1569 1794 1628 alia
1822 1569 1974 1628 hac:

238 1666 586 1726 Paralleloe
642 1674 829 1724 rectoe
885 1673 1042 1738 sunt,
1105 1664 1167 1724 in
1227 1684 1478 1743 quarum
1536 1684 1658 1722 una
1714 1665 1978 1743 sumptis

238 1761 470 1821 duobus
488 1760 745 1840 punctis
774 1759 863 1819 ad
887 1759 1278 1839 quodcunque
1309 1758 1717 1831 intervallum,
1743 1758 1822 1817 ab
1847 1758 1978 1821 illis

225 1856 485 1937 punctis
539 1855 674 1915 duoe
723 1862 901 1913 rectae
927 1853 1252 1933 facientes
1283 1874 1412 1912 cum
1445 1853 1589 1933 ipsa
1620 1853 1710 1912 ad
1733 1853 1980 1912 easdem

226 1959 457 2031 partes
508 1949 774 2031 angulos
822 1949 1104 2029 oeqetaZeS‚
1150 1948 1344 2008 ductoe
1387 1948 1476 2007 ad
1518 1947 1806 2021 alteram,
1837 1956 1979 2007 sunt

237 2044 527 2126 oequaleS.
614 2045 708 2103 Ex
738 2065 860 2123 qua
906 2043 1259 2103 definitione
1305 2043 1649 2103 necessario
1682 2044 1976 2122 sequitur,

239 2141 388 2200 duas
434 2140 564 2199 illas
610 2150 810 2199 rectas
852 2139 1184 2218 productas
1214 2159 1529 2218 nunquam
1560 2158 1690 2198 esse
1720 2159 1979 2198 concur-

237 2255 442 2295 suras:
472 2245 543 2294 ut
566 2255 698 2313 quae
727 2234 953 2314 ubique
985 2235 1061 2293 ab
1091 2233 1423 2313 aequalibus
1454 2234 1638 2293 rectis
1667 2234 1980 2314 aequaliter

237 2330 545 2390 inclinatis
576 2330 965 2390 distinentur.

319 2425 609 2487 Definitio
662 2445 798 2484 mea
845 2424 981 2484 haec
1025 2424 1227 2483 ideam
1269 2424 1730 2503 aequidistantiae
1774 2424 1978 2484 animo

236 2523 574 2600 ingenerat,
605 2541 717 2580 nec
762 2521 838 2580 ab
890 2520 1010 2579 alia
1052 2520 1256 2599 priore
1301 2520 1705 2580 demonstrari
1738 2528 1975 2598 potest:

236 2626 492 2695 possunt
520 2625 726 2675 autem
757 2616 834 2675 ab
878 2616 981 2675 illa
1025 2615 1222 2674 multo
1273 2615 1516 2674 brevius
1572 2614 1979 2674 demonstrari

236 2710 662 2788 parallelarum
692 2721 1021 2779 rectarum,
1051 2709 1148 2767 vel
1179 2709 1364 2767 etiam
1387 2709 1816 2787 parallelorum
1847 2709 1977 2788 pla-

237 2825 459 2863 norum
504 2804 927 2883 proprietateS‚
979 2825 1163 2883 quam
1210 2813 1317 2863 aut
1361 2804 1438 2863 ab
1491 2804 1746 2864 Euclide
1790 2813 1898 2863 aut
1940 2823 1979 2862 a

241 2897 451 2957 Clavio
484 2898 1001 2958 demonstrantur.

322 2992 521 3070 Atque
564 2992 693 3051 haec
738 2992 902 3051 dicta
949 2993 1253 3053 sufficiant
1292 2993 1368 3052 de
1407 2993 1866 3053 definitionibus
1896 2992 1976 3051 ad

237 3086 622 3146 Elementum
672 3087 955 3164 primum,
996 3107 1070 3145 ex
1116 3089 1335 3166 quibus
1384 3108 1754 3166 cognoscere
1800 3097 1974 3167 potes

238 3201 419 3260 quam
457 3180 611 3238 bene
646 3189 779 3238 tum
822 3179 1082 3253 ClaviUS,
1119 3193 1252 3240 tum
1282 3182 1585 3253 EuclideS,
1626 3194 1757 3242 tum
1789 3183 1975 3242 etiam

240 3295 451 3334 eorum
482 3283 813 3332 sectatores
837 3283 1119 3333 naturam
1143 3276 1588 3352 parallelarum,
1608 3287 1715 3336 aut
1746 3276 1972 3354 anguli,

238 3380 346 3429 aut
374 3369 569 3442 lineae,
602 3378 708 3427 aut
735 3369 950 3446 puncti
978 3369 1428 3431 intellexerunt.
1493 3371 1822 3432 Videamus
1844 3371 1974 3447 jam

228 3463 586 3545 petitioneS‚
618 3472 822 3522 utrum
857 3483 1048 3542 aequae
1079 3483 1158 3522 an
1187 3464 1415 3545 iniquae
1446 3465 1587 3526 sint.

2047 548 2158 581 CAP.
2185 548 2256 579 IX.

2058 658 2113 692 De
2130 657 2259 704 figura.
