2462 4120
281 518 419 549 PROP.
447 519 496 551 X.

271 574 507 603 s--f-a

580 349 698 403 502
1119 364 1415 407 CURATIO
1451 366 1764 410 SPHAERAE.

579 499 788 558 eadem
821 500 1034 578 quinta
1060 514 1232 580 parte
1262 525 1437 564 arcus
1458 505 1561 565 BC
1586 529 1600 565 ε
1634 506 1908 586 denique,
1933 508 2292 588 quadratum

576 613 613 651 a
644 594 746 652 CG
775 594 853 652 ad
884 595 1247 673 quadratum
1277 600 1353 658 ab
1382 601 1500 661 ΥΘ
1528 620 1655 660 esse
1685 610 1754 660 ut
1790 609 1861 662 10
1891 603 1969 662 ad
1998 610 2055 664 8.

659 688 1087 749 Examinemus
1139 692 1268 751 haec
1309 694 1437 771 jam
1489 714 1598 772 per
1646 694 1947 774 Regulam
1996 697 2290 756 Auream.

577 782 1022 860 Multiplieetur
1053 791 1088 842 8
1135 784 1199 843 in
1245 806 1327 858 se,
1357 787 1555 846 faetus
1608 787 1724 846 erit
1766 795 1879 847 64:
1922 791 2024 868 qui
2067 790 2293 849 divisus

575 895 684 953 per
742 883 833 949 10,
879 877 1026 936 facit
1074 879 1445 956 quotientem
1492 878 1597 954 6}—
1634 900 1744 959 pro
1796 883 2090 961 quadrato
2123 906 2160 944 a
2189 885 2292 944 Ze.

580 969 698 1028 Sed
747 970 1108 1048 quadratum
1152 993 1189 1032 a
1234 974 1315 1031 Ze
1361 982 1453 1032 est
1499 984 1714 1051 quarta
1756 996 1894 1054 pars
1938 978 2215 1055 quadrati
2257 999 2295 1038 a

578 1074 710 1123 toto
742 1084 887 1123 arcu
918 1065 1039 1137 BC,
1081 1065 1205 1124 sive
1251 1076 1467 1143 quarta
1515 1087 1655 1145 pars
1685 1076 1762 1128 25
1795 1070 2229 1148 quadratorum
2257 1091 2295 1131 a

578 1158 788 1236 quinta
817 1169 988 1236 parte
1018 1179 1191 1218 arcus
1224 1160 1361 1228 BC3
1408 1170 1469 1219 et
1502 1161 1756 1239 proinde
1787 1165 1903 1222 erit
1932 1165 2004 1229 δὲ
2036 1185 2294 1243 quorum

578 1251 681 1310 GC
732 1253 1093 1330 quadratum
1144 1262 1236 1312 est
1289 1260 1380 1314 10.
1490 1260 1695 1320 Quare
1735 1255 1819 1333 6}
1851 1269 1914 1316 et
1953 1259 2026 1323 δὲ
2073 1258 2295 1320 debent

578 1365 706 1404 esse
737 1347 1016 1424 aequales,
1046 1367 1158 1406 nec
1191 1358 1352 1407 sunt.
1439 1349 1745 1409 Differunt
1775 1351 1938 1410 enim
1965 1352 2030 1411 in
2057 1352 2297 1413 ratione

582 1437 632 1514 Ξ-
659 1440 736 1499 ad
764 1438 844 1515 ξ,
876 1441 940 1499 id
970 1451 1060 1500 est
1089 1450 1159 1501 ut
1190 1449 1225 1502 8
1258 1453 1319 1502 et
1351 1451 1405 1511 5,
1437 1443 1533 1502 vel
1571 1451 1640 1503 16
1672 1454 1734 1503 et
1772 1451 1864 1505 10.

660 1536 909 1609 RurSUS‚
942 1535 1304 1614 quadratum
1335 1558 1371 1596 a
1400 1538 1483 1596 Ze
1511 1538 1738 1617 aequale
1763 1548 1857 1599 est
1894 1546 1965 1600 10
1986 1539 2296 1618 quadratis

576 1649 612 1687 a
657 1637 870 1708 quarta
926 1640 1098 1707 parte
1141 1630 1348 1689 lateris
1396 1631 1516 1704 CG,
1564 1642 1626 1690 et
1673 1632 2034 1710 quadratum
2080 1633 2155 1692 ab
2198 1631 2294 1691 hL

576 1723 802 1800 aequale
833 1733 926 1782 est
957 1730 992 1782 8
1024 1723 1333 1802 quadratis
1364 1726 1439 1784 ab
1470 1725 1680 1785 eadem
1728 1736 1943 1805 quarta
1987 1737 2159 1805 parte
2207 1727 2296 1786 la-

574 1816 721 1874 teris
764 1816 883 1876 CG.
976 1817 1178 1877 Quare
1218 1819 1577 1896 quadratum
1631 1820 1706 1879 ab
1758 1820 1827 1878 eb
1875 1821 2120 1880 deberet
2165 1840 2294 1880 esse

575 1910 804 1988 aequale
844 1907 940 1985 6}—
979 1912 1289 1989 quadratis
1339 1933 1376 1972 a
1427 1923 1644 1991 quarta
1693 1924 1865 1992 parte
1915 1915 2120 1974 lateris
2171 1915 2294 1975 OG.

576 2004 695 2062 Sed
727 2005 1088 2083 quadratum
1118 2007 1193 2064 ab
1226 2006 1298 2064 eb
1330 2006 1453 2066 sive
1483 2008 1573 2066 Ae
1601 2017 1908 2067 ostensum
1939 2017 2030 2067 est
2065 2009 2294 2087 aequale

575 2105 647 2173 δὲ
697 2099 1004 2177 quadratis
1051 2120 1087 2158 a
1137 2109 1353 2177 quarta
1401 2110 1573 2178 parte
1617 2100 1822 2159 lateris
1875 2101 1996 2160 CG.
2083 2102 2293 2180 Itaque

574 2194 795 2251 iterum
825 2194 1127 2272 reperitur
1157 2194 1449 2254 dissensio
1485 2195 1693 2254 similis
1726 2196 1964 2274 prioris,

658 2287 908 2360 RursuS,
932 2288 1072 2366 quia
1101 2289 1463 2367 quadratum
1493 2310 1528 2349 a
1554 2289 1655 2348 CG
1677 2290 1905 2368 aequale
1936 2299 2030 2348 est
2061 2296 2131 2349 10
2151 2310 2294 2368 qua-

576 2380 765 2439 dratis
795 2401 831 2440 a
861 2382 1072 2459 quinta
1112 2392 1283 2460 parte
1323 2404 1498 2443 arcus
1528 2384 1649 2456 BC,
1682 2383 2040 2461 quadratum
2070 2384 2146 2442 ab
2176 2384 2293 2454 hL,

577 2474 739 2552 quod
791 2485 881 2533 est
925 2475 1239 2535 dimidium
1291 2477 1571 2555 quadrati
1609 2497 1645 2535 a
1684 2477 1804 2548 CG,
1836 2477 1952 2535 erit
1997 2477 2224 2556 aequale
2257 2488 2291 2537 5

576 2568 886 2646 quadratis
915 2570 991 2628 ab
1033 2570 1244 2629 eadem
1285 2572 1498 2649 quinta
1542 2582 1715 2649 parte
1754 2591 1928 2629 arcus
1960 2571 2086 2630 BC.
2173 2571 2294 2633 Sed

576 2662 939 2741 quadratum
968 2665 1042 2722 ab
1073 2664 1142 2723 eb
1172 2676 1480 2724 ostensum
1525 2674 1618 2724 est
1655 2664 1880 2742 aequale
1919 2685 2050 2724 esse
2080 2673 2115 2724 4
2148 2686 2294 2745 qua-

577 2758 764 2817 dratis
796 2759 871 2817 ab
902 2759 1114 2818 eadem
1146 2761 1358 2837 quinta
1385 2769 1557 2838 parte
1589 2778 1764 2817 arcus
1797 2759 1922 2819 BC.
2009 2760 2119 2819 Est
2148 2779 2295 2838 ergo

576 2852 938 2930 quadratum
984 2854 1059 2912 ab
1089 2853 1183 2911 hL
1215 2854 1294 2912 ad
1338 2854 1699 2931 quadratum
1743 2853 1819 2912 ab
1860 2853 1930 2912 eb
1959 2864 2027 2913 ut
2058 2862 2092 2914 5
2126 2853 2206 2914 ad
2234 2857 2294 2914 4.

577 2946 708 3004 Fiat
745 2947 892 3024 jam,
923 2948 1110 3024 'juxta
1142 2946 1446 3027 Regulam
1478 2948 1770 3020 Auream,
1799 2958 1870 3007 ut
1903 2956 1936 3007 5
1969 2947 2048 3007 ad
2075 2956 2111 3007 4
2143 2948 2230 3007 ita
2253 2957 2289 3008 4

574 3041 653 3099 ad
672 3045 912 3099 tertiam
934 3066 948 3108 ;
981 3041 1212 3119 eritque
1242 3041 1346 3100 illa
1366 3042 1547 3101 tertia
1571 3043 1638 3105 3}
1667 3062 1776 3120 pro
1797 3042 2094 3120 quadrato
2112 3050 2294 3101 reetae

574 3157 689 3194 mn.
778 3135 1082 3195 Quoniam
1133 3145 1337 3194 autem
1388 3147 1557 3195 recta
1585 3136 1716 3208 AO,
1755 3136 1851 3195 vel
1895 3136 2005 3210 Ae,
2053 3145 2295 3196 ostensa

576 3239 668 3289 est
723 3228 923 3288 media
968 3229 1438 3306 proportionalis
1480 3230 1640 3288 inter
1696 3250 1904 3289 arcum
1935 3230 2038 3289 BC
2072 3239 2133 3288 et
2162 3231 2292 3308 ejus

577 3325 881 3382 semissem
910 3348 924 3390 ;
970 3323 1083 3380 erit
1114 3342 1353 3400 quoque
1383 3344 1497 3396 mn,
1529 3344 1663 3402 quae
1698 3334 1788 3384 est
1818 3324 2077 3383 semissis
2108 3333 2292 3384 rectae

575 3418 710 3490 AO,
742 3418 941 3476 media
983 3417 1454 3495 proportionalis
1494 3419 1654 3477 inter
1689 3439 1896 3478 areum
1939 3417 2291 3496 quadrantis

578 3513 862 3591 descripti
907 3512 982 3572 ab
1011 3511 1108 3571 Ah
1137 3522 1197 3571 et
1244 3512 1551 3573 semissem
1598 3513 1748 3591 ejus,
1778 3513 1841 3573 id
1879 3523 1991 3588 est,
2023 3513 2183 3573 inter
2210 3513 2292 3572 Ze
