2462 4120
594 392 1118 438 MATHEMATICAE
1155 393 1559 436 HODIERNAE.
1823 388 1944 439 213

220 550 284 600 et
311 558 499 598 unum
522 535 837 615 quodlibet
862 552 1071 592 eorum
1096 530 1328 609 aequale
1359 540 1591 608 quartae
1618 534 1776 610 parti
1807 537 1945 594 coni

220 633 487 713 ejusdem
518 629 854 689 altitudinis
885 639 947 686 et
976 626 1134 685 basis
1164 645 1302 684 cum
1334 625 1609 703 cylindro
1641 626 1944 708 descripto

218 748 256 787 a
276 724 628 804 rectangulo
661 723 798 782 DG.
887 722 996 780 Est
1027 720 1189 778 enim
1221 739 1429 791 conuS‚
1460 719 1523 777 id
1546 729 1656 792 est,
1688 722 1946 782 solidum

218 821 588 898 descriptum
635 838 670 876 a
716 815 1023 894 triangulo
1068 813 1383 872 rectilineo
1429 813 1603 873 DGF
1653 834 1946 876 converso

216 935 396 994 super
423 924 660 973 rectum
691 913 821 984 DF,
861 910 1045 970 tertia
1084 927 1223 987 pars
1263 908 1524 987 cylindri
1577 908 1866 988 descripti
1912 932 1948 970 a

213 1009 576 1070 revolutioni
596 1005 935 1085 rectanguli
960 1004 1078 1063 DG
1098 1023 1278 1082 super
1298 1003 1554 1062 eandem
1573 1014 1804 1062 rectam
1825 1005 1945 1063 DF.

302 1104 575 1163 Consect.
607 1102 666 1160 ii.
714 1099 1112 1160 Manifestum
1137 1098 1280 1156 hinc
1306 1108 1399 1157 est
1422 1098 1634 1157 eadem
1657 1098 1946 1157 methodo

213 1197 615 1258 demonstrari
672 1215 866 1274 posse,
927 1202 1168 1272 sumpta
1220 1193 1430 1271 quavis
1493 1192 1611 1251 alia
1660 1191 1949 1270 parallela

212 1293 568 1364 altitudinis,
600 1301 670 1350 ut
700 1292 752 1350 Α
749 1290 821 1369 f,
866 1289 1194 1348 terminata
1230 1307 1304 1346 ex
1343 1307 1466 1346 una
1492 1296 1666 1366 parte
1709 1286 1772 1345 in
1821 1286 1948 1346 dia-

211 1397 408 1448 metro
439 1387 578 1459 DB,
610 1405 685 1444 ex
715 1385 907 1443 altera
929 1393 1104 1461 parte
1135 1383 1199 1440 in
1224 1381 1518 1460 cycloide‚
1544 1391 1606 1440 et
1638 1380 1823 1441 ducta
1835 1380 1903 1460 f
1907 1410 1946 1439 π

209 1481 791 1563 perpendiculariter
829 1478 907 1537 ad
952 1478 1085 1550 BG,
1133 1477 1298 1556 quod
1343 1476 1603 1535 solidum
1637 1476 1867 1535 factum
1911 1497 1948 1535 a

212 1578 604 1639 conversione
640 1575 807 1654 plani
852 1573 1201 1653 cycloidalis
1234 1573 1349 1631 Bm
1347 1573 1413 1651 f
1419 1572 1474 1631 A
1514 1572 1677 1631 circa
1715 1580 1946 1630 rectam

210 1674 262 1732 A
262 1673 329 1753 f
359 1692 468 1751 per
509 1670 910 1750 quadrantem
961 1667 1192 1740 circuli,
1242 1667 1474 1746 aequale
1525 1686 1655 1725 esse
1710 1665 1946 1725 duabus

210 1768 410 1827 tertiis
462 1766 638 1825 solidi
687 1764 836 1824 facti
888 1763 1104 1822 eodem
1151 1761 1427 1840 tempore
1466 1782 1502 1821 a
1548 1761 1945 1821 conversione

210 1861 550 1940 rectanguli
581 1862 686 1920 Απ
718 1878 901 1938 supra
932 1856 1189 1916 eandem
1219 1857 1271 1915 A
1269 1857 1340 1936 s

766 2046 895 2087 PRO
906 2044 1179 2086 POSlTlO
1213 2043 1392 2085 XVII.

293 2145 583 2205 Centrum
616 2142 931 2222 gravitatis
968 2141 1334 2201 semicirculi
1374 2139 1669 2219 genitoris
1700 2139 1944 2199 ABCD

210 2241 296 2301 ita
321 2240 535 2300 dividit
557 2238 796 2298 radium
820 2238 936 2296 AC
958 2238 1023 2296 in
1053 2238 1126 2308 O,
1159 2247 1229 2296 ut
1259 2256 1399 2316 pars
1422 2236 1542 2295 AO
1567 2235 1645 2295 sit
1674 2232 1740 2310 ᾗ
1766 2255 1943 2295 arcus

210 2335 406 2396 BCD.

295 2430 360 2490 Si
401 2430 508 2488 fiat
556 2437 626 2487 ut
675 2428 859 2488 tertia
907 2447 1048 2507 pars
1099 2446 1276 2486 arcus
1323 2425 1500 2485 BCD
1557 2424 1635 2484 ad
1696 2425 1941 2484 tertiam

210 2534 442 2602 partem
503 2525 825 2596 subtensae‚
873 2523 937 2582 id
984 2532 1094 2595 est,
1154 2521 1436 2581 diametri
1486 2522 1536 2580 B
1554 2522 1627 2594 D,
1673 2521 1761 2580 ita
1804 2521 1940 2580 duae

211 2619 405 2678 tertiae
434 2618 588 2678 radii
618 2617 754 2688 AB,
794 2618 858 2677 id
908 2627 1018 2691 est,
1070 2638 1193 2675 una
1240 2617 1427 2677 tertia
1475 2615 1755 2676 diametri
1803 2617 1940 2688 BD,

213 2711 292 2771 ad
320 2722 615 2790 quartam,
644 2712 760 2771 erit
790 2713 1084 2771 terminus
1115 2711 1276 2770 illius
1316 2720 1551 2789 quartae
1581 2719 1836 2788 sumptae
1866 2712 1942 2769 ab

214 2807 268 2864 A
297 2825 504 2865 versus
536 2807 584 2865 C
614 2817 891 2865 centrum
942 2806 1258 2885 gravitatis
1306 2805 1670 2865 semicirculi
1699 2805 1941 2864 ABCD

221 2899 348 2976 (lib.
378 2901 419 2971 i,
453 2919 583 2977 cap.
613 2901 693 2973 ix,
725 2921 895 2980 prop.
927 2903 967 2973 i,
1006 2900 1267 2960 Guldim·
1320 2900 1394 2959 de
1445 2899 1668 2959 Centro
1722 2899 1945 2958 Gravi-

217 2993 419 3070 tatis).
509 2995 599 3054 Sit
626 2997 919 3055 terminus
948 2996 1048 3055 ille
1079 2996 1153 3056 O.

299 3088 409 3146 Est
432 3107 574 3166 ergo
597 3090 777 3148 tertia
804 3110 943 3168 pars
974 3090 1256 3149 diametri
1291 3090 1406 3149 BD
1443 3089 1646 3149 media
1685 3109 1942 3168 propor-

215 3182 457 3242 tionalis
485 3182 645 3241 inter
686 3185 928 3243 tertiam
965 3194 1203 3263 partem
1252 3204 1429 3244 arcus
1480 3186 1657 3244 BCD
1706 3193 1766 3244 et
1797 3186 1939 3244 AO.

220 3276 525 3336 Quoniam
547 3295 691 3355 ergo
715 3277 1008 3337 diameter
1036 3279 1170 3357 (per
1195 3280 1473 3358 superius
1497 3279 1936 3354 demonstrata)

217 3379 309 3429 est
337 3369 538 3428 media
565 3372 1031 3448 proportionalis
1062 3375 1224 3434 inter
1254 3394 1465 3433 arcum
1490 3375 1539 3433 B
1556 3374 1670 3432 CD
1702 3383 1762 3433 et
1794 3374 1942 3432 duas

217 3464 458 3542 quintas
486 3483 660 3523 arcus
692 3465 980 3542 ejusdem,
1023 3469 1208 3527 etiam
1252 3469 1436 3528 tertia
1481 3488 1620 3547 pars
1662 3468 1942 3527 diametri

218 3559 335 3617 erit
397 3557 600 3616 media
649 3558 1115 3636 proportionalis
1172 3562 1334 3621 inter
1403 3562 1648 3623 tertiam
1706 3570 1941 3639 partem

217 3672 392 3711 arcus
423 3651 598 3711 BCD
630 3662 692 3710 et
720 3652 964 3712 tertiam
994 3664 1229 3731 partem
1269 3655 1526 3715 duarum
1573 3655 1940 3732 quintarum,

2007 565 2258 597 DIALOGUS

2101 633 2168 664 VI.

2015 689 2253 717 »ψ
