2462 4120
786 408 875 448 DE
910 406 1194 448 NATURA
1227 406 1458 448 AERIS.
1865 394 1986 460 247

253 569 324 610 ea
350 555 569 607 natura
594 543 886 624 praeditis,
917 553 986 603 ut
1016 542 1289 622 pondere
1326 543 1733 605 incumbentis
1764 555 1990 608 atmos-

251 644 474 722 phaerae
503 659 868 718 compressae
899 647 1201 697 conentur
1227 647 1527 716 quantum
1554 650 1814 716 possunt
1844 663 1991 702 con-

251 734 598 798 tranitendo
631 734 996 813 simulatque
1028 731 1393 811 corpuscula
1431 732 1535 790 illa
1576 746 1990 809 removentur,

250 832 346 891 vel
385 850 745 910 quacunque
786 829 861 888 de
897 848 1081 888 causa
1122 827 1371 901 cedunt,
1418 846 1549 886 sese
1600 849 1637 888 a
1684 850 1991 910 compres-

250 926 419 986 sione
448 925 725 984 liberare.
774 928 779 933 ’
816 923 1202 1002 Intelligetur
1245 931 1452 981 autem
1485 922 1700 982 melius
1730 924 1795 982 id
1826 926 1992 1003 quod

251 1019 527 1094 dicimuS,
588 1020 638 1080 si
695 1019 1004 1098 concipias
1057 1037 1261 1077 aerem
1316 1017 1482 1076 hunc
1527 1036 1718 1096 prope
1764 1027 1992 1078 terram

251 1115 422 1195 quasi
451 1115 764 1174 cumulum
794 1134 922 1174 esse
954 1112 1474 1192 corpusculorum,
1519 1132 1657 1191 quae
1696 1112 1816 1172 alia
1859 1113 1992 1173 aliis

251 1209 702 1288 superjacentia
731 1209 935 1269 lanam
974 1208 1270 1280 referunt,
1319 1207 1492 1285 cujus
1543 1206 1653 1285 pili
1700 1207 1885 1266 exiles
1932 1216 1994 1267 et

252 1303 547 1363 flexibiles
575 1304 765 1364 veluti
794 1304 1056 1364 totidem
1088 1303 1311 1362 elastra
1343 1311 1476 1362 tum
1515 1302 1695 1362 facile
1734 1302 1902 1361 flecti
1932 1312 1995 1362 et

254 1398 534 1458 convolvi
583 1408 862 1478 possunt,
913 1408 1046 1458 tum
1094 1397 1278 1457 etiam
1329 1405 1629 1476 perpetuo
1693 1406 1996 1456 conantur

255 1513 384 1552 sese
415 1493 743 1553 extendere
774 1502 834 1553 et
864 1493 1208 1552 restituere.
1295 1491 1501 1550 Veluti
1545 1492 1595 1551 si
1630 1491 1762 1569 quis
1791 1492 1997 1551 lanam

255 1607 442 1647 manu
514 1588 906 1667 undiquaque
986 1587 1438 1666 comprimeret,
1514 1586 1996 1666 unumquodque

254 1691 460 1741 tamen
489 1682 659 1742 filum
703 1684 833 1761 ejus
863 1681 1140 1761 potentia
1171 1681 1295 1740 sive
1336 1680 1638 1759 principio
1668 1681 1997 1759 praeditum

256 1784 348 1835 est
379 1776 471 1834 sui
511 1777 849 1850 dilatativo,
881 1778 1054 1856 cujus
1082 1777 1329 1849 virtute,
1359 1775 1564 1834 laxata
1603 1797 1810 1850 manu,
1856 1777 1999 1836 lana

256 1880 593 1949 spontaneo
636 1881 811 1931 motu
856 1892 919 1931 se
966 1870 1263 1930 distendit
1308 1880 1369 1930 et
1413 1871 1705 1930 restituit.
1793 1873 1998 1950 Atque

256 1985 366 2044 per
395 1966 660 2044 partium
692 1967 848 2026 aeris
879 1967 1003 2025 vim
1043 1967 1200 2025 hanc
1233 1965 1565 2038 elasticam,
1596 1966 1999 2044 plurimorum

258 2061 421 2119 circa
448 2081 710 2120 vacuum
741 2071 803 2120 et
842 2071 1128 2120 naturam
1177 2062 1333 2119 aeris
1379 2061 1836 2139 phaenomenwn
1875 2082 1999 2121 non

258 2165 353 2214 est
376 2155 636 2214 difficilis
668 2155 1012 2234 explicatio,
1100 2156 1279 2215 Alter
1307 2155 1527 2215 modus
1559 2167 1751 2216 cst—

340 2248 415 2309 A.
460 2251 796 2310 Differatur
826 2251 1141 2330 paululum
1171 2251 1271 2309 ille
1298 2251 1453 2310 alter
1475 2251 1712 2311 modus,
1759 2252 2003 2312 Interea

259 2365 464 2426 quaero
495 2365 531 2404 a
561 2354 642 2418 te,
674 2365 877 2404 nonne
908 2346 1104 2405 omnis
1133 2346 1543 2424 hypotheseos
1584 2346 1684 2405 lex
1726 2347 1858 2406 haec
1890 2357 2000 2420 est,

258 2450 330 2498 ut
360 2459 493 2518 quae
522 2448 948 2518 supponuntur
971 2440 1178 2499 omnia
1200 2440 1466 2500 debeant
1486 2460 1614 2500 esse
1646 2461 1756 2501 sua
1781 2451 2003 2501 natura

258 2533 587 2613 possibilia,
633 2533 698 2593 id
736 2542 846 2607 est,
889 2534 1287 2613 cogitabilia?

349 2628 430 2688 B.
474 2628 759 2688 Omnino.
847 2629 929 2688 Et
977 2648 1111 2707 quae
1157 2629 1260 2688 hio
1307 2631 1672 2708 supponitur
1721 2630 1833 2703 vis,
1883 2649 2004 2708 qua

264 2742 472 2800 pressa
501 2743 565 2782 se
597 2724 951 2798 restituunt,
980 2724 1159 2783 facile
1205 2724 1453 2803 quidem
1500 2745 1639 2784 cum
1685 2725 1749 2783 in
1794 2724 2003 2783 multis

266 2817 447 2877 rebus
478 2818 764 2896 conspici,
786 2827 917 2878 tum
948 2819 1012 2878 in
1041 2839 1181 2879 aere
1211 2819 1452 2898 concipi
1473 2819 1758 2879 facillime
1781 2827 2003 2897 potest.

355 2911 436 2971 A.
482 2911 619 2972 Hoc
650 2913 894 2991 quidem
921 2935 1133 2974 verum
1164 2924 1275 2975 est.
1341 2916 1501 2974 Nam
1525 2915 1801 2974 videmus
1831 2914 2005 2973 lami-

271 3024 412 3063 nam
443 2998 794 3085 chalybeam
821 3010 1058 3070 balistae
1097 3020 1309 3083 tensae,
1349 3030 1460 3089 per
1502 3011 1626 3069 vim
1669 3010 1836 3069 illam
1878 3009 2004 3068 sive

270 3099 637 3178 principium
670 3103 1092 3177 restitutionis,
1123 3105 1303 3164 simul
1332 3126 1404 3164 ac
1435 3106 1741 3165 sublatum
1774 3114 1867 3164 est
1897 3105 2004 3162 im-

269 3193 706 3271 pedimentum,
725 3197 1103 3260 velocissimo
1126 3211 1302 3260 motu
1322 3200 1522 3259 redire
1547 3200 1626 3259 ad
1651 3208 2005 3259 consuetam

271 3288 717 3348 rectitudinem.
810 3292 1071 3353 Credere
1101 3304 1470 3354 tamen-non
1515 3314 1766 3373 possum
1813 3293 2006 3372 philo-

273 3385 531 3463 sophum
569 3385 752 3446 fuisse
793 3388 983 3463 illum,
1033 3393 1137 3470 qui
1186 3393 1442 3466 balistae,
1495 3401 1604 3451 aut
1653 3411 1849 3464 arcus,
1898 3400 2005 3449 aut

274 3480 687 3558 cujuscunque
730 3484 1024 3543 machinae
1065 3488 1350 3560 elasticae,
1384 3487 1870 3565 experimentum
1901 3504 2003 3543 ex-

272 3574 471 3633 hibuit
498 3575 746 3652 primus,
813 3577 1163 3659 Philosophi
1194 3591 1283 3641 est
1313 3582 1526 3640 talium
1558 3600 1761 3639 rerum
1792 3597 2005 3637 causas

272 3668 368 3728 vel
406 3688 598 3742 veraS,
628 3669 724 3729 vel
772 3671 982 3731 saltem
1035 3676 1376 3751 probabiles
1422 3675 1712 3735 invenire.
1803 3673 2004 3733 Quam
