2462 4120
595 361 672 414 62
956 372 1399 418 EXAMINATIO
1435 377 1517 418 ET
1550 377 1960 420 EMENDArlo

285 529 535 563 DIALOGUS
592 511 770 572 lineae
825 512 1081 592 integrae
1139 515 1514 590 circularem,
1583 518 1739 577 alter
1797 539 1907 597 per
1971 520 2323 580 continuam

286 652 296 664 ,
374 597 426 629 Π·
511 654 521 665 ,
591 604 770 665 lineae
791 617 976 667 rectae
997 608 1336 667 flexionem.
1415 610 1570 672 Quae
1594 611 1729 671 duae
1753 613 2115 691 angulorum
2137 632 2321 692 gene-²

591 699 856 759 rationes
887 702 1038 761 adeo
1065 713 1206 762 sunt
1231 703 1504 778 diversae,
1534 715 1604 764 ut
1633 706 1747 784 ipsi
1770 707 1976 784 anguli
2005 707 2127 766 sint
2153 708 2321 766 hete-

590 795 860 871 rogenei‚
892 815 1005 855 nec
1033 817 1156 856 una
1192 797 1543 858 definitione
1588 801 2022 878 comprehendi
2063 802 2318 879 possint*

592 888 797 948 Habet
848 890 1092 967 quidem
1150 899 1403 969 uterque
1453 911 1677 951 nomen
1729 893 1955 972 anguli,
2008 895 2115 954 sed
2165 895 2320 954 alter

589 981 944 1061 simpliciter
989 984 1077 1043 ita
1121 985 1329 1043 vocari
1375 985 1568 1054 solet3
1614 986 1769 1044 alter
1810 1006 1920 1065 per
1962 987 2318 1065 adjunctum

588 1074 853 1155 angulus
876 1084 1213 1136 contaetus,
1303 1078 1476 1150 Haec,
1509 1098 1646 1136 cum
1669 1099 1793 1137 non
1816 1089 1983 1138 recte
2007 1080 2318 1142 intellecta

587 1168 831 1243 fuerint,
877 1171 1350 1230 controversiam
1395 1172 1742 1231 excitarunt
1785 1173 1860 1232 de
1907 1175 2131 1252 angulo
2170 1195 2317 1235 con-²

589 1272 790 1323 tactus
835 1264 996 1324 inter
1035 1265 1311 1324 Clavium
1349 1274 1412 1323 et
1447 1265 1854 1335 Pellitarium;
1900 1286 2034 1344 quae
2064 1269 2318 1328 excitari

588 1377 714 1417 non
748 1367 1008 1436 poterat,
1051 1359 1102 1417 si
1133 1357 1404 1418 definitio
1434 1359 1702 1418 Euclidis
1746 1360 1890 1419 satis
1929 1360 2143 1421 fuisset
2178 1383 2318 1441 per-

589 1471 815 1531 sp1cua.

669 1547 752 1605 B.
795 1546 1131 1606 Audiamus
1182 1547 1499 1625 utriusque
1556 1547 1795 1625 generis
1846 1548 2055 1626 anguli
2102 1548 2316 1609 defini-

585 1640 816 1699 tionem
845 1651 1031 1699 tuam.
2310 1655 2312 1658 ·

668 1733 749 1794 A.
794 1732 1100 1813 Angulzw,
1125 1733 1494 1812 simpliciter
1517 1734 1737 1808 dietae,
1761 1742 1853 1793 est
1874 1734 2134 1794 duarum
2162 1735 2314 1796 line-

585 1847 761 1887 arum
789 1827 912 1886 Sibi
939 1835 1137 1886 mutuo
1167 1827 1229 1886 in
1247 1827 1444 1907 plano
1473 1829 1954 1909 congruentium,
1967 1829 2168 1908 facta
2184 1848 2316 1910 per·

585 1930 806 1980 motum
835 1921 1205 1981 circularem
1232 1942 1422 2002 snper
1467 1922 1668 1982 altero
1702 1922 1961 1982 termino
1989 1931 2058 1983 ut
2085 1931 2318 1998 eentrO,⁴

586 2015 764 2075 unius
795 2014 872 2074 ab
903 2014 1108 2075 altera
1138 2015 1465 2096 digressio,

665 2109 747 2167 B.
795 2109 1023 2187 Anguli
1054 2109 1362 2188 quantitas
1392 2109 1696 2189 quomodo
1727 2108 2057 2169 definitur?

664 2204 746 2264 A.
794 2205 1122 2266 Quantitas
1153 2204 1390 2285 anguli,
1422 2203 1776 2282 simpliciter
1802 2203 1971 2274 dicti,
2001 2215 2095 2262 est
2123 2219 2317 2282 quana

583 2300 726 2360 titas
765 2319 949 2358 arens
987 2298 1205 2359 circuli
1249 2297 1568 2377 cujuslibet
1605 2296 1912 2377 descripti
1949 2304 2157 2356 centro
2186 2295 2311 2371 illo,

584 2391 647 2452 in
678 2414 789 2471 quo
820 2393 994 2453 Zineoe
1025 2415 1151 2473 quoe
1181 2406 1391 2452 areum
1420 2392 1823 2472 intercipiunt
1852 2411 1918 2449 se
1947 2398 2145 2450 mutuo
2176 2399 2320 2450 tan-

580 2495 757 2566 gunt,
788 2486 867 2546 ab
896 2487 1118 2547 iisdem
1141 2487 1324 2548 lineis
1354 2487 1699 2567 intercepti.
1788 2484 2075 2566 Angulus
2114 2493 2319 2545 autem·

585 2587 922 2653 contactae,
953 2589 1049 2639 est
1076 2581 1335 2640 duarum
1364 2581 1666 2640 linearum
1697 2579 1760 2639 in
1786 2578 1983 2659 plano
2013 2598 2081 2638 Se
2110 2587 2310 2638 mutuo

586 2675 969 2753 tangentium
1007 2675 1320 2755 digressio
1334 2675 1535 2755 saeta
1561 2694 1689 2754 per
1718 2672 2059 2733 continuam
2074 2673 2312 2750 flexio-

583 2786 730 2826 nem.

666 2861 747 2920 B.
795 2861 1000 2921 Quare
1032 2862 1151 2921 duo
1179 2863 1312 2922 haec
1350 2882 1575 2941 genera
1620 2861 1982 2940 angulorum
2023 2880 2146 2919 non
2175 2881 2308 2939 pos-

581 2965 726 3013 sunt
754 2955 864 3013 sub
895 2974 1016 3023 uno
1046 2957 1238 3033 magis
1268 2956 1467 3034 amplo
1497 2975 1719 3034 genere
1750 2953 2046 3014 contineri
2073 2955 2092 3013 ?

667 3049 746 3107 A.
793 3049 956 3109 Quia
999 3068 1123 3108 non
1167 3059 1595 3108 mensurantur
1638 3067 1746 3127 per
1784 3048 1963 3106 unius
2006 3067 2308 3108 mensurae

581 3141 1065 3220 applicationem.
1153 3142 1314 3201 Nam
1370 3142 1627 3220 angulus
1684 3140 2039 3218 simpliciter
2089 3141 2306 3216 dictus,

579 3244 786 3295 tantus
838 3244 932 3294 est
981 3244 1242 3314 quantus
1287 3244 1377 3295 est
1423 3255 1599 3294 arcus
1644 3234 1854 3294 circuli
1893 3235 2305 3314 interceptus3

580 3329 838 3407 ideoque
860 3347 969 3406 per
992 3349 1200 3387 arcum
1225 3329 1436 3388 circuli
1460 3338 1864 3388 mensuratur.
1936 3328 2023 3387 At
2050 3328 2321 3407 angulus*

582 3430 920 3495 contactUS,
962 3430 1347 3480 mensuratur
1386 3441 1495 3500 per
1533 3421 1756 3480 lineam
1795 3431 2027 3480 rectam
2061 3421 2308 3480 ductam

581 3537 618 3576 a
661 3523 890 3595 puncto
941 3525 1261 3575 contactus
1309 3515 1388 3574 ad
1437 3515 2006 3574 circumferentiam.
2094 3515 2307 3592 Itaque

580 3609 1030 3690 magnitudines
1076 3609 1335 3670 duorum
1376 3609 1735 3688 angulorum
1781 3616 2099 3669 contactus
2138 3627 2306 3668 men-
