2462 4120
266 541 377 574 CAP.
403 542 512 574 xm.

278 599 514 625 5-52-—2

257 646 313 681 De
329 648 512 683 rationum

258 701 408 737 calculo.

588 371 709 423 426
825 383 913 423 DE
948 382 1331 424 PRINOEPIIS
1367 382 1451 424 ET
1484 383 2082 425 RAT1oclNAT10NE

591 520 695 598 qui
723 520 855 579 fieri
884 529 1085 598 potest
1114 531 1185 581 ut
1207 522 1524 600 proportio
1546 521 1726 600 primi
1755 522 1834 580 ad
1856 522 2104 581 tertium
2129 521 2314 600 dupla

589 614 666 672 sit
696 615 1107 692 proportionis
1126 617 1307 694 primi
1330 615 1409 674 ad
1432 615 1785 686 secundum,
1806 635 1944 674 cum
1969 616 2047 674 sit
2065 617 2312 675 omnino

588 708 832 767 eadem?
893 709 1170 769 Profecto
1190 711 1240 769 si
1259 711 1415 769 ratio
1435 719 1469 769 4
1493 710 1570 769 ad
1586 718 1640 781 4,
1655 729 1872 788 nempe
1896 710 2052 769 ratio
2066 710 2314 789 aequalis

586 803 664 862 ad
684 803 933 880 aequale,
958 804 1019 863 id
1040 815 1150 876 est,
1171 805 1302 883 ipsa
1321 803 1651 882 aequalitaS,
1673 804 1980 881 quantitas
2000 804 2096 876 sit,
2115 803 2316 863 valida.

587 906 681 955 est
727 897 1012 974 objectio,
1101 898 1208 957 Sin
1251 898 1559 976 quantitas
1610 917 1735 956 non
1786 898 1881 969 sit,
1925 898 2143 957 frivola
2190 907 2314 957 est:

588 1010 727 1048 cum
756 991 908 1050 nihil
938 992 1015 1050 ad
1043 993 1195 1051 nihil
1236 992 1531 1065 additum,
1561 991 1657 1050 vel
1699 1011 1809 1072 per
1838 992 1990 1051 nihil
2030 993 2316 1072 multipli-

589 1095 793 1143 catum
845 1106 1083 1163 semper
1131 1087 1281 1145 facit
1330 1087 1500 1146 nihil.
1587 1087 1932 1164 Antequam
1983 1099 2187 1148 autem
2237 1088 2317 1148 ad

585 1179 745 1237 hanc
776 1188 836 1237 et
867 1179 1013 1238 alias
1044 1181 1171 1257 ejus
1204 1181 1576 1258 objectiones
1607 1181 2024 1258 respondeam,
2055 1202 2179 1242 non
2209 1183 2316 1242 abs

586 1293 652 1331 re
683 1274 801 1332 erit
821 1282 1189 1353 <quantorum
1218 1294 1443 1352 genera
1473 1274 1730 1353 amplius
1762 1295 1836 1333 ex
1879 1275 2024 1353 ipsis
2065 1277 2315 1337 Euclide

587 1378 648 1426 et
682 1367 866 1426 Clavo
909 1368 1302 1445 distinguere,
1337 1378 1396 1427 et
1427 1368 1575 1446 quid
1616 1369 1693 1427 sit
1723 1369 2030 1427 rationum
2073 1370 2317 1429 additio

588 1472 650 1520 et
679 1461 1039 1534 szcbtractz‘O,
1072 1482 1146 1519 ex
1175 1462 1391 1521 iisdem
1421 1463 1755 1541 explicare:
1801 1472 1864 1521 et
1894 1483 2002 1522 cur
2031 1463 2094 1522 in
2123 1464 2317 1524 tribus

587 1557 875 1615 continue
942 1556 1519 1635 proportionalibUS,
1581 1577 1837 1634 quorum
1895 1557 2159 1635 primum
2227 1566 2318 1617 est

586 1651 934 1720 maximum,
966 1651 1270 1709 rationem
1299 1651 1482 1729 primi
1512 1651 1590 1709 ad
1627 1650 1879 1709 tertium
1911 1650 2155 1729 duplam
2186 1671 2317 1710 esse

587 1744 714 1802 dixi
736 1744 986 1803 rationis
1010 1744 1191 1822 primi
1217 1745 1294 1803 ad
1319 1745 1684 1813 secundum3
1716 1765 1838 1804 non
1859 1754 2063 1804 tamen
2075 1745 2317 1825 quando

585 1839 850 1917 primum
882 1848 975 1899 est
1007 1839 1342 1899 minimum.

1261 2335 1433 2394 CAP.
1481 2335 1648 2406 XIV.

877 2477 1117 2520 ADHUc
1154 2479 1241 2519 DE
1276 2479 1649 2520 RATIONUM
1685 2478 2019 2520 CALoULO.

585 2584 963 2644 DEFINITIO
1019 2584 1235 2661 quinta
1277 2584 1578 2643 Elementi
1609 2585 1765 2643 sexti
1794 2586 1926 2644 haec
1957 2595 2083 2644 est:
2131 2585 2317 2644 Ratio

586 2700 664 2737 ex
693 2677 1034 2737 rationibus
1065 2680 1338 2758 componi
1369 2679 1620 2752 dicitur,
1647 2699 1778 2737 cum
1809 2680 2111 2738 rationum
2135 2701 2319 2758 quan-

588 2773 803 2831 titates
855 2772 1016 2830 inter
1071 2792 1139 2830 se
1197 2771 1624 2851 multiplieatce
1678 2773 1946 2852 aliquam
2004 2773 2319 2851 effecerint

586 2865 887 2923 rationem
911 2888 932 2924 .·
978 2874 1038 2924 et
1067 2885 1211 2924 vera
1249 2874 1359 2925 est.
1449 2866 1608 2924 Nam
1647 2867 1697 2925 si
1734 2867 1858 2925 sint
1895 2867 2318 2946 proportiones

585 2959 707 3018 illae
730 2959 867 3019 duae
899 2959 1128 3019 eaedem
1147 2959 1244 3018 vel
1266 2979 1390 3019 non
1416 2959 1666 3033 eaedem,
1691 2960 1815 3019 sive
1836 2962 2032 3039 prima
2055 2961 2318 3021 maxima

587 3053 667 3113 sit
708 3053 804 3112 vel
853 3074 979 3112 non
1030 3054 1311 3126 maxima,
1360 3073 1597 3132 semper
1648 3055 1765 3113 illis
1807 3055 2128 3114 conveniet
2170 3055 2318 3115 defi-

585 3147 759 3207 nitio.
844 3148 1122 3226 Exempli
1151 3149 1384 3226 gratia:
1418 3149 1481 3207 in
1504 3149 1597 3208 his
1620 3149 1907 3218 numeriS,
1930 3157 2092 3209 4-2
2109 3157 2315 3222 ‚6-3,

585 3242 692 3301 ubi
741 3242 1010 3301 rationes
1062 3250 1203 3300 sunt
1255 3242 1502 3315 eaedem,
1544 3243 1595 3302 si
1634 3244 1998 3322 multiplices
2047 3243 2208 3303 inter
2253 3265 2318 3304 se

587 3335 1017 3395 antecedentes
1041 3343 1076 3394 4
1103 3345 1161 3394 et
1187 3342 1245 3408 6,
1279 3336 1383 3414 qui
1405 3336 1640 3396 faciunt
1660 3345 1758 3409 24,
1785 3348 1847 3396 et
1876 3347 2316 3416 consequentes

590 3438 626 3489 2
659 3441 721 3489 et
753 3439 809 3503 3,
839 3430 943 3510 qui
972 3429 1205 3489 faciunt
1236 3437 1305 3489 6:
1336 3432 1493 3490 ratio
1525 3451 1780 3491 nascens
1805 3432 1922 3491 erit
1950 3431 2108 3491 ratio
2141 3439 2215 3492 24
2239 3431 2317 3491 ad

588 3532 647 3597 6,
692 3525 756 3584 id
786 3535 878 3584 est
906 3534 940 3583 4
976 3524 1054 3583 ad
1091 3531 1142 3597 l,
1186 3523 1250 3583 id
1289 3534 1397 3598 est,
1445 3525 1754 3604 duplicata
1804 3526 2058 3586 rationis
2086 3534 2122 3585 4
2156 3525 2234 3586 ad
2277 3534 2313 3585 2
