2462 4120
604 363 1128 406 MATHEMATICAE
1164 364 1567 409 HoD1ERNAE.
1868 355 1946 409 83

212 521 493 566 numeros
525 508 560 561 8
592 510 656 560 et
692 508 762 560 15
795 520 905 579 per
935 502 1009 569 4;
1056 500 1220 559 unde
1251 501 1408 560 fiunt
1438 504 1783 580 quotientes
1814 513 1850 565 2
1882 514 1947 565 et

211 603 305 671 323,
347 597 448 676 qui
496 604 639 655 sunt
684 595 748 654 in
795 594 1032 653 ratione
1070 601 1107 653 8
1139 593 1218 652 ἃᾶ
1256 602 1348 653 15.
1438 596 1688 670 RurSUS,
1742 599 1946 660 divido

215 701 287 753 15
319 711 428 770 per
457 691 669 750 ambos
698 708 987 749 numeros
1017 696 1052 748 4
1089 697 1151 748 et
1182 697 1214 748 5
1241 715 1256 758 ;
1304 697 1366 748 et
1409 691 1567 750 fiunt
1603 693 1947 770 quotientes

211 787 280 851 ΒΞ
314 794 375 846 et
405 793 463 860 3,
495 785 599 862 qui
629 792 771 843 sunt
798 783 863 842 in
892 784 1128 842 ratione
1159 791 1230 841 12
1264 782 1343 842 ad
1374 790 1466 842 15.
1554 785 1769 844 Positis
1800 807 1945 866 ergo

209 879 420 940 ordine
450 877 717 938 numeris
749 883 807 950 8,
849 884 941 946 12,
983 884 1073 949 15,
1106 875 1156 935 si
1187 896 1222 934 a
1248 875 1487 935 ratione
1520 883 1556 936 8
1587 878 1666 936 ad
1703 887 1771 937 15
1806 882 1946 940 sub-

208 974 486 1034 trahatur
532 972 689 1033 ratio
727 979 797 1032 12
830 971 910 1032 ad
948 978 1040 1044 15,
1071 971 1134 1030 id
1176 980 1286 1043 est,
1317 971 1474 1030 ratio
1499 979 1535 1030 4
1570 971 1649 1030 ad
1681 979 1736 1045 5,
1766 975 1946 1034 relin-

210 1079 431 1149 quetur
459 1068 618 1128 ratio
650 1072 685 1126 8
718 1066 798 1126 ἃᾶ
835 1075 926 1140 12,
959 1066 1082 1125 sive
1111 1065 1267 1125 ratio
1298 1073 1334 1125 2
1367 1064 1447 1124 ἃᾶ
1478 1073 1533 1124 3.

295 1163 375 1223 B.
421 1163 520 1222 An
542 1182 667 1222 non
695 1161 852 1221 ratio
882 1181 918 1220 a
946 1160 1183 1220 ratione
1224 1159 1483 1220 subduci
1525 1169 1732 1239 potest
1761 1162 1947 1222 etiam

211 1258 339 1318 sine
367 1258 462 1318 his
492 1256 889 1317 divisionibus
915 1255 934 1314 Ρ

294 1353 373 1413 Α.
418 1353 647 1413 Potest.
733 1352 895 1411 Nam
924 1350 975 1410 si
1013 1350 1122 1410 fiat
1159 1358 1230 1408 ut
1275 1367 1652 1427 consequens
1692 1349 1946 1410 rationis

209 1446 618 1507 subducendae
663 1445 743 1506 ad
788 1445 1156 1505 antecedens
1200 1464 1395 1517 suum,
1436 1444 1524 1503 ita
1567 1463 1947 1523 consequens

210 1541 462 1602 rationis
490 1541 747 1620 integrae
776 1539 856 1599 ad
894 1548 1196 1619 quartam,
1228 1538 1407 1612 rati0,
1442 1558 1577 1617 quae
1621 1548 1761 1617 post
1806 1540 1947 1599 sub-

212 1637 559 1696 ductionem
608 1634 989 1713 relinquitur,
1035 1633 1151 1693 erit
1197 1633 1356 1692 ratio
1383 1633 1821 1706 ,antecedentis
1869 1635 1947 1694 ad

211 1731 375 1790 illam
422 1738 719 1809 quartam.
805 1729 993 1788 Verbi
1037 1728 1237 1807 gratia
1257 1753 1272 1797 ;
1319 1728 1371 1787 si
1415 1749 1452 1788 a
1496 1729 1736 1788 ratione
1792 1735 1828 1788 8
1868 1730 1947 1790 ad

217 1834 287 1886 15
321 1825 651 1885 auferenda
695 1824 774 1884 sit
824 1823 981 1883 ratio
1025 1832 1061 1883 4
1095 1823 1175 1883 ad
1207 1831 1262 1897 5,
1302 1824 1412 1883 fiat
1455 1834 1527 1883 ut
1573 1831 1606 1883 5
1651 1823 1731 1883 ad
1769 1832 1806 1884 4
1860 1825 1947 1885 ita

217 1928 286 1981 15
318 1919 398 1979 ad
427 1928 725 1999 quartam,
772 1939 908 1998 quae
937 1918 1054 1978 erit
1089 1926 1182 1978 12.
1271 1917 1488 1978 Positis
1536 1938 1682 1997 ergo
1731 1920 1946 1979 ordine

210 2022 268 2088 8,
307 2023 399 2087 12,
439 2021 549 2083 15;
594 2015 644 2074 si
683 2035 720 2075 a
760 2015 999 2074 ratione
1031 2021 1067 2073 8
1099 2014 1178 2073 ἃᾶ
1216 2021 1286 2073 15
1319 2013 1631 2074 auferatur
1676 2014 1833 2074 ratio
1873 2023 1943 2075 12

209 2109 290 2170 ἃᾶ
325 2117 417 2182 15,
461 2109 524 2169 id
555 2119 667 2184 est,
710 2110 867 2170 ratio
902 2117 938 2169 4
971 2109 1051 2169 ad
1083 2118 1139 2182 5,
1187 2108 1568 2188 relinquetur
1610 2109 1768 2169 ratio
1800 2117 1837 2170 8
1868 2110 1946 2170 ad

216 2212 309 2278 12,
339 2203 404 2264 id
432 2213 542 2278 est,
574 2204 730 2265 ratio
762 2213 798 2264 2
832 2203 911 2264 ἃᾶ
943 2212 999 2265 3.

294 2299 373 2358 B.
419 2299 782 2360 Clarissime.

291 2393 372 2454 A.
418 2393 853 2454 Animadverte
884 2412 1063 2472 quam
1105 2392 1186 2451 sit
1215 2392 1292 2452 ab
1316 2392 1779 2472 improprietate
1809 2414 1944 2453 ver-

206 2489 425 2548 borum
461 2508 720 2568 pronum
771 2488 1119 2548 hominibus
1157 2488 1394 2567 prolabi
1423 2488 1487 2547 in
1513 2508 1750 2549 errores
1780 2488 1944 2548 circa

207 2582 368 2662 ipsas
410 2604 528 2645 res,
616 2585 789 2644 Sicut
838 2584 1001 2643 enim
1045 2593 1116 2643 tu
1163 2603 1275 2662 pro
1320 2585 1660 2663 composita
1702 2585 1942 2644 ratione

209 2679 517 2758 sumpsisti
591 2680 892 2740 rationem
959 2679 1370 2758 quantitatum
1443 2680 1941 2759 compositarum,

208 2771 295 2832 ita
341 2773 649 2834 Wallisius
693 2774 916 2853 aliique
966 2774 1214 2853 plurimi
1265 2774 1567 2835 rationem
1616 2775 1941 2854 duplorum

210 2876 453 2927 sumunt
479 2887 590 2946 pro
619 2869 858 2928 ratione
882 2868 1085 2948 dupla,
1111 2868 1351 2948 decepti
1379 2870 1455 2929 ab
1479 2870 1941 2949 improprietate

213 2959 632 3038 eloquutioniS.

299 3052 380 3114 B.
423 3055 616 3115 Miror
644 3065 850 3117 autem
881 3057 1201 3136 quod‘tam
1225 3057 1487 3118 clamose
1518 3059 1849 3119 contendat
1877 3060 1940 3119 in

213 3145 483 3207 Elencho
525 3150 850 3225 Wallisius,
902 3153 1407 3232 compositionem
1458 3154 1767 3213 rationum
1816 3174 1941 3213 non

151 3314 154 3316 Δ
214 3240 584 3303 additionem
613 3246 720 3305 sed
749 3247 1318 3326 multiplicationem
1347 3248 1667 3308 dicendam
1698 3268 1845 3308 esse.

300 3335 380 3394 A.
424 3336 573 3396 Tam
597 3338 700 3398 diu
728 3350 931 3400 autem
961 3341 1169 3401 mirari
1191 3362 1316 3401 non
1339 3342 1597 3416 desines,
1624 3363 1804 3421 quam
1835 3342 1939 3400 diu

213 3429 290 3488 ab
319 3429 583 3503 homine,
617 3433 720 3510 qui
765 3454 836 3494 ea
873 3436 1115 3514 scripsit
1144 3455 1278 3515 quae
1322 3436 1616 3497 hactenus
1662 3437 1936 3514 legimUS,

215 3522 539 3602 quicquam
568 3529 912 3604 expectabis
941 3539 1314 3590 accuratum.

295 3617 377 3678 B.
426 3617 519 3678 Ex
568 3619 682 3680 hac
727 3622 1028 3684 rationum
1074 3624 1511 3704 compositione
1552 3622 1938 3683 manifestum

1678 3735 1718 3775 G
1748 3738 1770 3773 2

2013 529 2259 562 DIALOGUS

2111 598 2164 630 11.

2014 653 2252 685 κ-Ὗ--κ
