2462 4120
564 369 683 421 230
922 380 1364 423 EXAMINATIO
1399 383 1483 424 ET
1517 384 1925 426 EMENDATIO

248 539 497 573 mALocns
564 536 744 576 eausa
772 537 895 576 non
917 518 1200 580 facillime
1231 521 1317 580 sie
1357 521 1732 599 expediatur,
1764 531 1825 582 et
1855 521 2068 582 eodem
2100 521 2285 582 modo

347 607 414 639 VI.

565 630 684 688 quo
741 611 1225 692 pharmacopolae
1269 625 1614 694 temperant
1664 637 1773 676 sua
1821 617 2150 695 pharmaca
2206 616 2287 675 ad

561 706 984 784 praescriptum
1025 709 1417 769 medicorum.
1506 711 1767 789 Recipe:
1815 710 2084 789 eorporis
2132 708 2287 787 puri,

563 798 642 857 ad
698 799 976 871 libitum3
1021 803 1356 881 gravitatiS,
1409 803 1632 882 gradus
1681 813 1862 872 oeto;
1909 803 2286 883 quantitatis,

561 893 910 971 paululum3
955 897 1174 957 eoloris
1206 898 1362 970 flavi,
1395 909 1688 975 quantum
1736 898 1974 958 suffieit.
2076 898 2287 957 Misce.

564 987 697 1048 Fiat
743 1009 976 1050 aurum.
1064 990 1355 1068 Lepidam
1398 1010 1609 1049 narras
1652 990 2117 1069 philosophandi
2163 1010 2291 1050 me-

565 1082 838 1143 thodum.

646 1177 726 1236 A.
772 1178 852 1236 Et
882 1198 1014 1237 eam
1046 1177 1290 1255 quidem
1312 1177 1710 1255 philosophiae
1731 1176 2092 1236 reformatae.
2137 1177 2290 1236 Vide

559 1271 685 1348 jam
736 1271 1159 1349 antiquiorem.
1268 1271 1579 1331 Quaeritur
1631 1289 1914 1346 quaenam
1961 1269 2043 1328 sit
2088 1289 2290 1342 eausa,

566 1365 727 1443 quod
757 1384 1006 1443 magnes
1035 1364 1263 1423 ferrum
1312 1364 1390 1422 ad
1441 1384 1503 1423 se
1554 1364 1758 1422 trahit.
1846 1362 2290 1441 Respondemr,

564 1467 674 1526 per
711 1462 1013 1522 συμπαθείαν·
1052 1448 1362 1508 Quaeritur
1407 1467 1633 1520 rursuS,
1687 1447 1834 1525 quid
1873 1454 1966 1506 est
2012 1459 2290 1522 συμπαθεία.

567 1541 1008 1620 Respondetur,
1063 1541 1300 1601 occulta
1358 1542 1635 1620 qualitas.
1725 1540 2037 1602 Quaeritur
2087 1541 2291 1613 etiam,

564 1636 710 1716 quid
767 1645 859 1695 est
916 1638 1156 1695 occulta
1207 1636 1486 1714 qualitas,
1601 1636 2049 1714 Respondetur,
2109 1653 2291 1715 quam

563 1730 883 1790 nescimus
1001 1730 1221 1789 Nonne
1278 1730 1357 1789 ad
1411 1730 1671 1808 primam
1742 1728 2292 1807 interrogationem

565 1825 778 1884 melius
809 1843 1167 1902 responsum
1197 1833 1377 1896 esset,
1402 1823 1647 1884 neseio?

651 1918 732 1978 B.
778 1917 1033 1977 Minime
1075 1937 1238 1978 sane.
1328 1917 1428 1976 Sic
1473 1917 1633 1977 enim
1679 1918 1792 1977 visi
1826 1917 2101 1989 fuissent,
2151 1935 2291 1975 eum

558 2014 801 2090 jactura
822 2012 1026 2091 aliqua
1054 2012 1444 2072 authoritatis
1492 2031 1636 2084 suae,
1666 2010 1858 2071 nihilo
1895 2010 2031 2090 plus
2081 2028 2291 2088 sapere

565 2127 746 2186 quam
767 2106 984 2185 vulgus
1013 2107 1346 2166 hominum.

652 2200 732 2260 Α.
779 2201 875 2260 Ita
904 2209 1011 2263 est.
1100 2202 1526 2280 Respexerunt
1555 2219 1700 2278 ergo
1731 2199 1809 2260 ad
1849 2199 2021 2271 utile,
2053 2197 2294 2258 deserta

564 2296 903 2355 honestate.

646 2389 727 2450 B.
773 2389 845 2448 In
890 2389 1140 2468 politica
1178 2398 1402 2462 autem,
1435 2388 1569 2467 quis
1615 2407 1883 2466 unquam
1930 2395 2074 2446 ante
2120 2385 2292 2444 illum

565 2493 806 2543 tantum
864 2484 1111 2542 summis
1156 2482 1596 2561 imperantibus
1649 2482 1804 2559 juris
1863 2479 2163 2553 attribuit,
2222 2486 2292 2537 ut

566 2577 858 2656 quiequid
886 2578 972 2636 illi
995 2578 1307 2655 jusserint,
1340 2597 1411 2636 eo
1441 2578 1573 2655 ipso
1606 2575 1770 2655 quod
1819 2573 2128 2653 jusserint,
2161 2573 2292 2632 sine

565 2671 788 2750 injuria
818 2680 976 2730 esset
1003 2671 1023 2728 ?

651 2764 731 2824 Α.
778 2765 908 2824 Imo
960 2785 1120 2838 vero,
1160 2785 1296 2844 quae
1344 2765 1555 2824 civitas
1594 2783 1863 2841 unquam
1917 2762 2142 2834 extitit,
2186 2759 2294 2819 ubi

568 2878 801 2918 summo
832 2859 1154 2937 imperanti
1176 2860 1376 2918 minus
1399 2858 1552 2937 juris
1576 2855 2089 2917 concessumest?
2137 2855 2296 2914 Civi-

567 2953 708 3013 tatis
739 2953 1029 3012 Romanae
1057 2954 1379 3031 imperium
1403 2971 1703 3012 summum
1723 2951 1855 3030 quis
1879 2952 2017 3029 jure
2037 2947 2290 3009 habuit?

649 3047 729 3106 B.
776 3047 916 3125 Ipsa
945 3047 1190 3124 quidem
1221 3047 1432 3106 civitas
1460 3065 1717 3124 semper.
1778 3043 2058 3104 Civitatis
2088 3051 2294 3102 autem

567 3160 786 3200 munus
837 3141 1246 3218 exequebatur
1292 3140 1475 3200 modo
1526 3159 1702 3212 unuS,
1746 3138 1930 3198 modo
1981 3138 2175 3206 alius3
2229 3146 2293 3194 et

569 3244 711 3314 post
739 3235 1157 3312 Tarquinium,
1189 3245 1332 3294 ante
1353 3235 1674 3307 Caesarem,
1708 3233 1968 3293 Senatus
1998 3230 2292 3309 Populus-

568 3350 685 3408 que
716 3330 1044 3388 Romanus

652 3424 731 3483 A.
780 3423 1070 3501 Legistin'
1118 3443 1407 3501 unquam,
1441 3423 1604 3502 quod
1651 3423 1864 3482 Romae
1912 3441 2022 3500 pro
2069 3419 2293 3499 injuria

567 3518 840 3577 habitum
888 3518 983 3590 sit,
1034 3517 1198 3596 quod
1240 3517 1314 3576 de
1361 3518 1489 3576 eive
1541 3518 1815 3576 Romano
1877 3513 2292 3576 constituisset

571 3613 829 3673 Senatus
861 3612 1246 3691 Populusque
1278 3611 1628 3672 Romanus?
