<?xml version="1.0" encoding="UTF-8"?>
<!DOCTYPE html PUBLIC "-//W3C//DTD XHTML 1.0 Transitional//EN"
    "http://www.w3.org/TR/xhtml1/DTD/xhtml1-transitional.dtd">
<html xmlns="http://www.w3.org/1999/xhtml" xml:lang="en" lang="en">
 <head>
  <title>
</title>
<meta http-equiv="Content-Type" content="text/html;charset=utf-8" />
  <meta name='ocr-system' content='tesseract 3.04.00' />
  <meta name='ocr-capabilities' content='ocr_page ocr_carea ocr_par ocr_line ocrx_word'/>
</head>
<body>
  <div class='ocr_page' id='page_1' title='image "./operaphilosophic04hobbuoft_0063.png"; bbox 0 0 2462 4120; ppageno 0'>
   <div class='ocr_carea' id='block_1_1' title="bbox 531 363 1899 421">
    <p class='ocr_par' dir='ltr' id='par_1_1' title="bbox 531 363 1899 421">
     <span class='ocr_line' id='line_1_1' title="bbox 531 363 1899 421; baseline -0.004 1"><span class='ocrx_word' id='word_1_1' title='bbox 531 377 1056 421; x_wconf 79' lang='lat' dir='ltr'><strong>MATHEMATICAE</strong></span> <span class='ocrx_word' id='word_1_2' title='bbox 1093 377 1500 419; x_wconf 85' lang='lat' dir='ltr'><strong>HODIERNAE.</strong></span> <span class='ocrx_word' id='word_1_3' title='bbox 1828 363 1899 416; x_wconf 83' lang='lat'>51</span> 
     </span>
    </p>
   </div>
   <div class='ocr_carea' id='block_1_2' title="bbox 242 520 590 598">
    <p class='ocr_par' dir='ltr' id='par_1_2' title="bbox 242 520 590 598">
     <span class='ocr_line' id='line_1_2' title="bbox 242 520 590 598; baseline -0.006 -17"><span class='ocrx_word' id='word_1_4' title='bbox 242 521 331 597; x_wconf 90' lang='lat' dir='ltr'>B.</span> <span class='ocrx_word' id='word_1_5' title='bbox 375 520 590 598; x_wconf 86' lang='lat' dir='ltr'>AEque.</span> 
     </span>
    </p>
   </div>
   <div class='ocr_carea' id='block_1_3' title="bbox 249 610 1907 690">
    <p class='ocr_par' dir='ltr' id='par_1_3' title="bbox 249 610 1907 690">
     <span class='ocr_line' id='line_1_3' title="bbox 249 610 1907 690; baseline -0.004 -16"><span class='ocrx_word' id='word_1_6' title='bbox 249 613 327 674; x_wconf 88' lang='lat' dir='ltr'>A.</span> <span class='ocrx_word' id='word_1_7' title='bbox 370 615 449 674; x_wconf 91' lang='lat' dir='ltr'>Et</span> <span class='ocrx_word' id='word_1_8' title='bbox 504 632 796 673; x_wconf 88' lang='lat' dir='ltr'>numerus</span> <span class='ocrx_word' id='word_1_9' title='bbox 869 610 1300 690; x_wconf 87' lang='lat' dir='ltr'>quadrantum,</span> <span class='ocrx_word' id='word_1_10' title='bbox 1358 628 1561 668; x_wconf 91' lang='lat' dir='ltr'>nonne</span> <span class='ocrx_word' id='word_1_11' title='bbox 1617 625 1907 667; x_wconf 85' lang='lat' dir='ltr'>numerus</span> 
     </span>
    </p>
   </div>
   <div class='ocr_carea' id='block_1_4' title="bbox 165 707 683 790">
    <p class='ocr_par' dir='ltr' id='par_1_4' title="bbox 165 707 683 790">
     <span class='ocr_line' id='line_1_4' title="bbox 165 707 683 790; baseline -0.01 -19"><span class='ocrx_word' id='word_1_12' title='bbox 165 709 410 790; x_wconf 83' lang='lat' dir='ltr'>proprie</span> <span class='ocrx_word' id='word_1_13' title='bbox 441 707 639 767; x_wconf 89' lang='lat' dir='ltr'>dictus</span> <span class='ocrx_word' id='word_1_14' title='bbox 663 708 683 767; x_wconf 73' lang='grc' dir='ltr'>Ρ</span> 
     </span>
    </p>
   </div>
   <div class='ocr_carea' id='block_1_5' title="bbox 251 802 1907 975">
    <p class='ocr_par' dir='ltr' id='par_1_5' title="bbox 251 802 1907 975">
     <span class='ocr_line' id='line_1_5' title="bbox 252 802 601 864; baseline -0.009 0"><span class='ocrx_word' id='word_1_15' title='bbox 252 803 334 864; x_wconf 88' lang='grc' dir='ltr'>Β.</span> <span class='ocrx_word' id='word_1_16' title='bbox 379 802 601 863; x_wconf 89' lang='lat' dir='ltr'>Etiam.</span> 
     </span>
     <span class='ocr_line' id='line_1_6' title="bbox 251 893 1907 975; baseline -0.004 -16"><span class='ocrx_word' id='word_1_17' title='bbox 251 898 333 959; x_wconf 82' lang='lat' dir='ltr'>A.</span> <span class='ocrx_word' id='word_1_18' title='bbox 377 898 458 956; x_wconf 92' lang='lat' dir='ltr'>Et</span> <span class='ocrx_word' id='word_1_19' title='bbox 485 897 527 975; x_wconf 58' lang='grc' dir='ltr'><em>Ξ</em></span> <span class='ocrx_word' id='word_1_20' title='bbox 556 897 682 957; x_wconf 88' lang='lat' dir='ltr'>sive</span> <span class='ocrx_word' id='word_1_21' title='bbox 723 893 1010 967; x_wconf 79' lang='lat' dir='ltr'><strong>dodrans,</strong></span> <span class='ocrx_word' id='word_1_22' title='bbox 1041 911 1246 951; x_wconf 91' lang='lat' dir='ltr'>nonne</span> <span class='ocrx_word' id='word_1_23' title='bbox 1284 900 1378 950; x_wconf 90' lang='lat' dir='ltr'>est</span> <span class='ocrx_word' id='word_1_24' title='bbox 1421 910 1710 952; x_wconf 87' lang='lat' dir='ltr'>numerus</span> <span class='ocrx_word' id='word_1_25' title='bbox 1759 915 1907 972; x_wconf 89' lang='lat' dir='ltr'>qua-</span> 
     </span>
    </p>
   </div>
   <div class='ocr_carea' id='block_1_6' title="bbox 167 991 1297 1258">
    <p class='ocr_par' dir='ltr' id='par_1_6' title="bbox 167 991 1297 1258">
     <span class='ocr_line' id='line_1_7' title="bbox 167 991 501 1069; baseline -0.009 -17"><span class='ocrx_word' id='word_1_26' title='bbox 167 992 456 1069; x_wconf 85' lang='lat' dir='ltr'>drantum</span> <span class='ocrx_word' id='word_1_27' title='bbox 481 991 501 1050; x_wconf 86' lang='lat'>?</span> 
     </span>
     <span class='ocr_line' id='line_1_8' title="bbox 253 1086 507 1146; baseline -0.004 0"><span class='ocrx_word' id='word_1_28' title='bbox 253 1086 334 1146; x_wconf 85' lang='lat' dir='ltr'>B.</span> <span class='ocrx_word' id='word_1_29' title='bbox 377 1087 507 1146; x_wconf 88' lang='lat' dir='ltr'>Est.</span> 
     </span>
     <span class='ocr_line' id='line_1_9' title="bbox 251 1175 1297 1258; baseline -0.007 -17"><span class='ocrx_word' id='word_1_30' title='bbox 251 1181 333 1241; x_wconf 88' lang='grc' dir='ltr'>Α.</span> <span class='ocrx_word' id='word_1_31' title='bbox 378 1179 671 1258; x_wconf 84' lang='lat' dir='ltr'><strong>Idemque</strong></span> <span class='ocrx_word' id='word_1_32' title='bbox 701 1197 992 1238; x_wconf 87' lang='lat' dir='ltr'>numerus</span> <span class='ocrx_word' id='word_1_33' title='bbox 1022 1175 1297 1236; x_wconf 85' lang='lat' dir='ltr'>fractus?</span> 
     </span>
    </p>
   </div>
   <div class='ocr_carea' id='block_1_7' title="bbox 167 1267 1914 3790">
    <p class='ocr_par' dir='ltr' id='par_1_7' title="bbox 167 1267 1912 2394">
     <span class='ocr_line' id='line_1_10' title="bbox 254 1267 1908 1350; baseline -0.001 -17"><span class='ocrx_word' id='word_1_34' title='bbox 254 1273 336 1333; x_wconf 92' lang='lat' dir='ltr'>B.</span> <span class='ocrx_word' id='word_1_35' title='bbox 381 1274 615 1333; x_wconf 87' lang='lat' dir='ltr'>Vicisti.</span> <span class='ocrx_word' id='word_1_36' title='bbox 703 1273 864 1332; x_wconf 92' lang='lat' dir='ltr'>Nam</span> <span class='ocrx_word' id='word_1_37' title='bbox 924 1291 1046 1350; x_wconf 91' lang='lat' dir='ltr'>qua</span> <span class='ocrx_word' id='word_1_38' title='bbox 1101 1269 1341 1329; x_wconf 88' lang='lat' dir='ltr'>ratione</span> <span class='ocrx_word' id='word_1_39' title='bbox 1400 1267 1634 1329; x_wconf 84' lang='lat' dir='ltr'>diceret</span> <span class='ocrx_word' id='word_1_40' title='bbox 1690 1270 1908 1349; x_wconf 89' lang='lat' dir='ltr'>aliquis</span> 
     </span>
     <span class='ocr_line' id='line_1_11' title="bbox 169 1364 1908 1447; baseline -0.001 -19"><span class='ocrx_word' id='word_1_41' title='bbox 169 1379 490 1429; x_wconf 81' lang='lat' dir='ltr'>numerum</span> <span class='ocrx_word' id='word_1_42' title='bbox 518 1369 896 1447; x_wconf 80' lang='lat' dir='ltr'>integrorum</span> <span class='ocrx_word' id='word_1_43' title='bbox 918 1365 1113 1444; x_wconf 83' lang='lat' dir='ltr'>magis</span> <span class='ocrx_word' id='word_1_44' title='bbox 1141 1364 1389 1443; x_wconf 83' lang='lat' dir='ltr'>proprie</span> <span class='ocrx_word' id='word_1_45' title='bbox 1418 1384 1743 1424; x_wconf 90' lang='lat' dir='ltr'>numerum</span> <span class='ocrx_word' id='word_1_46' title='bbox 1768 1366 1908 1440; x_wconf 86' lang='lat' dir='ltr'>dici,</span> 
     </span>
     <span class='ocr_line' id='line_1_12' title="bbox 171 1459 1911 1542; baseline -0.001 -20"><span class='ocrx_word' id='word_1_47' title='bbox 171 1482 353 1541; x_wconf 89' lang='lat' dir='ltr'>quam</span> <span class='ocrx_word' id='word_1_48' title='bbox 381 1463 669 1542; x_wconf 88' lang='lat' dir='ltr'>partium,</span> <span class='ocrx_word' id='word_1_49' title='bbox 702 1461 915 1522; x_wconf 88' lang='lat' dir='ltr'>eadem</span> <span class='ocrx_word' id='word_1_50' title='bbox 943 1461 1181 1520; x_wconf 89' lang='lat' dir='ltr'>ratione</span> <span class='ocrx_word' id='word_1_51' title='bbox 1211 1459 1442 1539; x_wconf 87' lang='lat' dir='ltr'>poterit</span> <span class='ocrx_word' id='word_1_52' title='bbox 1474 1459 1677 1521; x_wconf 82' lang='lat' dir='ltr'>dicere</span> <span class='ocrx_word' id='word_1_53' title='bbox 1700 1481 1911 1521; x_wconf 89' lang='lat' dir='ltr'>nume-</span> 
     </span>
     <span class='ocr_line' id='line_1_13' title="bbox 169 1555 1911 1636; baseline -0.001 -19"><span class='ocrx_word' id='word_1_54' title='bbox 169 1577 307 1617; x_wconf 93' lang='lat' dir='ltr'>rum</span> <span class='ocrx_word' id='word_1_55' title='bbox 335 1557 522 1618; x_wconf 91' lang='lat' dir='ltr'>boum</span> <span class='ocrx_word' id='word_1_56' title='bbox 552 1557 746 1636; x_wconf 85' lang='lat' dir='ltr'>magis</span> <span class='ocrx_word' id='word_1_57' title='bbox 775 1556 1019 1635; x_wconf 87' lang='lat' dir='ltr'>proprie</span> <span class='ocrx_word' id='word_1_58' title='bbox 1050 1555 1191 1628; x_wconf 85' lang='lat' dir='ltr'>dici,</span> <span class='ocrx_word' id='word_1_59' title='bbox 1218 1573 1403 1633; x_wconf 87' lang='lat' dir='ltr'>quam</span> <span class='ocrx_word' id='word_1_60' title='bbox 1433 1555 1659 1614; x_wconf 85' lang='lat' dir='ltr'>ovium.</span> <span class='ocrx_word' id='word_1_61' title='bbox 1747 1557 1911 1616; x_wconf 89' lang='lat' dir='ltr'>Hac-</span> 
     </span>
     <span class='ocr_line' id='line_1_14' title="bbox 171 1647 1911 1732; baseline -0.001 -20"><span class='ocrx_word' id='word_1_62' title='bbox 171 1661 350 1712; x_wconf 87' lang='lat' dir='ltr'>tenus</span> <span class='ocrx_word' id='word_1_63' title='bbox 388 1673 536 1732; x_wconf 84' lang='lat' dir='ltr'>ergo</span> <span class='ocrx_word' id='word_1_64' title='bbox 576 1672 700 1711; x_wconf 89' lang='lat' dir='ltr'>non</span> <span class='ocrx_word' id='word_1_65' title='bbox 729 1651 911 1710; x_wconf 91' lang='lat' dir='ltr'>modo</span> <span class='ocrx_word' id='word_1_66' title='bbox 942 1671 1068 1710; x_wconf 89' lang='lat' dir='ltr'>non</span> <span class='ocrx_word' id='word_1_67' title='bbox 1098 1658 1290 1722; x_wconf 77' lang='grc' dir='ltr'>ἀκριβῆ,</span> <span class='ocrx_word' id='word_1_68' title='bbox 1323 1647 1432 1708; x_wconf 88' lang='lat' dir='ltr'>sed</span> <span class='ocrx_word' id='word_1_69' title='bbox 1477 1649 1662 1709; x_wconf 90' lang='lat' dir='ltr'>etiam</span> <span class='ocrx_word' id='word_1_70' title='bbox 1701 1650 1911 1729; x_wconf 91' lang='lat' dir='ltr'>inepta</span> 
     </span>
     <span class='ocr_line' id='line_1_15' title="bbox 171 1744 1912 1825; baseline -0.001 -19"><span class='ocrx_word' id='word_1_71' title='bbox 171 1756 334 1820; x_wconf 89' lang='lat' dir='ltr'>sunt,</span> <span class='ocrx_word' id='word_1_72' title='bbox 365 1766 502 1825; x_wconf 88' lang='lat' dir='ltr'>quae</span> <span class='ocrx_word' id='word_1_73' title='bbox 530 1745 828 1824; x_wconf 76' lang='lat' dir='ltr'>legimus3</span> <span class='ocrx_word' id='word_1_74' title='bbox 886 1745 1330 1822; x_wconf 89' lang='lat' dir='ltr'>authoremque</span> <span class='ocrx_word' id='word_1_75' title='bbox 1370 1750 1559 1803; x_wconf 86' lang='lat' dir='ltr'>tantae</span> <span class='ocrx_word' id='word_1_76' title='bbox 1589 1744 1912 1804; x_wconf 83' lang='lat' dir='ltr'>subtilitati</span> 
     </span>
     <span class='ocr_line' id='line_1_16' title="bbox 168 1838 1912 1919; baseline -0.001 -19"><span class='ocrx_word' id='word_1_77' title='bbox 168 1840 462 1919; x_wconf 90' lang='lat' dir='ltr'>imparem</span> <span class='ocrx_word' id='word_1_78' title='bbox 501 1860 629 1899; x_wconf 88' lang='lat' dir='ltr'>esse</span> <span class='ocrx_word' id='word_1_79' title='bbox 670 1839 967 1899; x_wconf 85' lang='lat' dir='ltr'>indicant.</span> <span class='ocrx_word' id='word_1_80' title='bbox 1056 1838 1270 1918; x_wconf 81' lang='lat' dir='ltr'>Capite</span> <span class='ocrx_word' id='word_1_81' title='bbox 1302 1838 1538 1916; x_wconf 84' lang='lat' dir='ltr'>quintO,</span> <span class='ocrx_word' id='word_1_82' title='bbox 1569 1839 1675 1897; x_wconf 89' lang='lat' dir='ltr'>ubi</span> <span class='ocrx_word' id='word_1_83' title='bbox 1706 1847 1912 1898; x_wconf 85' lang='lat' dir='ltr'>osten-</span> 
     </span>
     <span class='ocr_line' id='line_1_17' title="bbox 170 1933 1911 2016; baseline -0.002 -21"><span class='ocrx_word' id='word_1_84' title='bbox 170 1936 314 1995; x_wconf 91' lang='lat' dir='ltr'>dere</span> <span class='ocrx_word' id='word_1_85' title='bbox 334 1935 658 2014; x_wconf 87' lang='lat' dir='ltr'>pollicetur</span> <span class='ocrx_word' id='word_1_86' title='bbox 674 1934 1194 2016; x_wconf 78' lang='lat' dir='ltr'>procreationem,</span> <span class='ocrx_word' id='word_1_87' title='bbox 1219 1953 1402 2012; x_wconf 89' lang='lat' dir='ltr'>quam</span> <span class='ocrx_word' id='word_1_88' title='bbox 1426 1933 1693 2012; x_wconf 89' lang='lat' dir='ltr'>appellat</span> <span class='ocrx_word' id='word_1_89' title='bbox 1723 1934 1911 1992; x_wconf 89' lang='lat' dir='ltr'>etiam</span> 
     </span>
     <span class='ocr_line' id='line_1_18' title="bbox 167 2028 1912 2112; baseline -0.001 -23"><span class='ocrx_word' id='word_1_90' title='bbox 167 2030 657 2112; x_wconf 78' lang='lat' dir='ltr'>originationem,</span> <span class='ocrx_word' id='word_1_91' title='bbox 699 2049 1113 2099; x_wconf 84' lang='lat' dir='ltr'>numerorum,</span> <span class='ocrx_word' id='word_1_92' title='bbox 1167 2037 1630 2107; x_wconf 86' lang='lat' dir='ltr'>expectaveram</span> <span class='ocrx_word' id='word_1_93' title='bbox 1678 2028 1912 2108; x_wconf 89' lang='lat' dir='ltr'>aliquid</span> 
     </span>
     <span class='ocr_line' id='line_1_19' title="bbox 167 2124 1912 2205; baseline -0.002 -19"><span class='ocrx_word' id='word_1_94' title='bbox 167 2125 328 2199; x_wconf 89' lang='lat' dir='ltr'>novi,</span> <span class='ocrx_word' id='word_1_95' title='bbox 357 2135 430 2186; x_wconf 92' lang='lat' dir='ltr'>ut</span> <span class='ocrx_word' id='word_1_96' title='bbox 474 2126 608 2205; x_wconf 90' lang='lat' dir='ltr'>quis</span> <span class='ocrx_word' id='word_1_97' title='bbox 647 2125 879 2204; x_wconf 81' lang='lat' dir='ltr'>primus</span> <span class='ocrx_word' id='word_1_98' title='bbox 926 2144 1231 2197; x_wconf 78' lang='lat' dir='ltr'>numerOS,</span> <span class='ocrx_word' id='word_1_99' title='bbox 1261 2124 1359 2184; x_wconf 84' lang='lat' dir='ltr'>vel</span> <span class='ocrx_word' id='word_1_100' title='bbox 1405 2124 1620 2184; x_wconf 86' lang='lat' dir='ltr'>saltem</span> <span class='ocrx_word' id='word_1_101' title='bbox 1660 2124 1912 2183; x_wconf 89' lang='lat' dir='ltr'>nomina</span> 
     </span>
     <span class='ocr_line' id='line_1_20' title="bbox 167 2218 1912 2299; baseline -0.002 -19"><span class='ocrx_word' id='word_1_102' title='bbox 167 2221 523 2294; x_wconf 90' lang='lat' dir='ltr'>numeralia,</span> <span class='ocrx_word' id='word_1_103' title='bbox 542 2220 775 2299; x_wconf 89' lang='lat' dir='ltr'>primus</span> <span class='ocrx_word' id='word_1_104' title='bbox 799 2221 1053 2280; x_wconf 89' lang='lat' dir='ltr'>invenit.</span> <span class='ocrx_word' id='word_1_105' title='bbox 1142 2219 1264 2279; x_wconf 84' lang='lat' dir='ltr'>Sed</span> <span class='ocrx_word' id='word_1_106' title='bbox 1294 2218 1370 2280; x_wconf 93' lang='lat' dir='ltr'>de</span> <span class='ocrx_word' id='word_1_107' title='bbox 1400 2219 1518 2279; x_wconf 87' lang='lat' dir='ltr'>hoo</span> <span class='ocrx_word' id='word_1_108' title='bbox 1547 2239 1625 2279; x_wconf 90' lang='lat' dir='ltr'>ne</span> <span class='ocrx_word' id='word_1_109' title='bbox 1654 2219 1912 2279; x_wconf 90' lang='lat' dir='ltr'>verbum</span> 
     </span>
     <span class='ocr_line' id='line_1_21' title="bbox 170 2314 647 2394; baseline 0 -20"><span class='ocrx_word' id='word_1_110' title='bbox 170 2314 417 2394; x_wconf 91' lang='lat' dir='ltr'>quidem</span> <span class='ocrx_word' id='word_1_111' title='bbox 444 2315 647 2376; x_wconf 89' lang='lat' dir='ltr'>habet.</span> 
     </span>
    </p>

    <p class='ocr_par' dir='ltr' id='par_1_8' title="bbox 169 2407 1914 3720">
     <span class='ocr_line' id='line_1_22' title="bbox 253 2407 1910 2491; baseline -0.002 -21"><span class='ocrx_word' id='word_1_112' title='bbox 253 2409 334 2472; x_wconf 85' lang='lat' dir='ltr'>A.</span> <span class='ocrx_word' id='word_1_113' title='bbox 380 2409 452 2470; x_wconf 83' lang='lat' dir='ltr'>Si</span> <span class='ocrx_word' id='word_1_114' title='bbox 496 2410 698 2491; x_wconf 80' lang='lat' dir='ltr'>igitar</span> <span class='ocrx_word' id='word_1_115' title='bbox 742 2407 846 2468; x_wconf 82' lang='lat' dir='ltr'>abi</span> <span class='ocrx_word' id='word_1_116' title='bbox 879 2410 1068 2491; x_wconf 73' lang='lat' dir='ltr'>prius</span> <span class='ocrx_word' id='word_1_117' title='bbox 1115 2407 1292 2468; x_wconf 79' lang='lat' dir='ltr'>nulla</span> <span class='ocrx_word' id='word_1_118' title='bbox 1342 2416 1503 2480; x_wconf 84' lang='lat' dir='ltr'>erat,</span> <span class='ocrx_word' id='word_1_119' title='bbox 1556 2415 1910 2488; x_wconf 74' lang='lat' dir='ltr'>apponatur</span> 
     </span>
     <span class='ocr_line' id='line_1_23' title="bbox 169 2502 1912 2583; baseline -0.002 -19"><span class='ocrx_word' id='word_1_120' title='bbox 169 2505 393 2580; x_wconf 64' lang='lat' dir='ltr'>unitae,</span> <span class='ocrx_word' id='word_1_121' title='bbox 422 2505 510 2563; x_wconf 74' lang='lat' dir='ltr'>sit</span> <span class='ocrx_word' id='word_1_122' title='bbox 557 2523 839 2563; x_wconf 76' lang='lat' dir='ltr'>numeras</span> <span class='ocrx_word' id='word_1_123' title='bbox 877 2502 1225 2583; x_wconf 73' lang='lat' dir='ltr'>singularis</span> <span class='ocrx_word' id='word_1_124' title='bbox 1246 2526 1271 2572; x_wconf 91' lang='lat'><em>;</em></span> <span class='ocrx_word' id='word_1_125' title='bbox 1315 2504 1373 2563; x_wconf 71' lang='lat' dir='ltr'>si</span> <span class='ocrx_word' id='word_1_126' title='bbox 1403 2503 1608 2564; x_wconf 76' lang='lat' dir='ltr'>adhuc</span> <span class='ocrx_word' id='word_1_127' title='bbox 1637 2502 1912 2562; x_wconf 80' lang='lat' dir='ltr'>addatur</span> 
     </span>
     <span class='ocr_line' id='line_1_24' title="bbox 169 2596 1912 2679; baseline -0.002 -21"><span class='ocrx_word' id='word_1_128' title='bbox 169 2599 376 2660; x_wconf 72' lang='lat' dir='ltr'>unitas</span> <span class='ocrx_word' id='word_1_129' title='bbox 424 2598 578 2672; x_wconf 82' lang='lat' dir='ltr'>alia,</span> <span class='ocrx_word' id='word_1_130' title='bbox 630 2598 895 2679; x_wconf 80' lang='lat' dir='ltr'>emergit</span> <span class='ocrx_word' id='word_1_131' title='bbox 940 2618 1224 2658; x_wconf 73' lang='lat' dir='ltr'>numeras</span> <span class='ocrx_word' id='word_1_132' title='bbox 1268 2598 1549 2658; x_wconf 74' lang='lat' dir='ltr'>binarius</span> <span class='ocrx_word' id='word_1_133' title='bbox 1573 2620 1596 2665; x_wconf 93' lang='lat'>,·</span> <span class='ocrx_word' id='word_1_134' title='bbox 1655 2596 1912 2656; x_wconf 75' lang='lat' dir='ltr'>accedat</span> 
     </span>
     <span class='ocr_line' id='line_1_25' title="bbox 171 2692 1914 2774; baseline -0.002 -21"><span class='ocrx_word' id='word_1_135' title='bbox 171 2692 321 2768; x_wconf 79' lang='lat' dir='ltr'>alia,</span> <span class='ocrx_word' id='word_1_136' title='bbox 354 2701 416 2754; x_wconf 87' lang='lat' dir='ltr'>et</span> <span class='ocrx_word' id='word_1_137' title='bbox 443 2693 734 2774; x_wconf 77' lang='lat' dir='ltr'>exsurgit</span> <span class='ocrx_word' id='word_1_138' title='bbox 764 2692 1096 2753; x_wconf 60' lang='lat' dir='ltr'>ternaria&amp;</span> <span class='ocrx_word' id='word_1_139' title='bbox 1181 2693 1423 2774; x_wconf 73' lang='lat' dir='ltr'>Estque</span> <span class='ocrx_word' id='word_1_140' title='bbox 1450 2692 1583 2752; x_wconf 77' lang='lat' dir='ltr'>hoec</span> <span class='ocrx_word' id='word_1_141' title='bbox 1611 2711 1762 2750; x_wconf 79' lang='lat' dir='ltr'>vera</span> <span class='ocrx_word' id='word_1_142' title='bbox 1803 2712 1914 2750; x_wconf 84' lang='lat' dir='ltr'>na-</span> 
     </span>
     <span class='ocr_line' id='line_1_26' title="bbox 171 2787 1912 2869; baseline -0.001 -23"><span class='ocrx_word' id='word_1_143' title='bbox 171 2808 468 2848; x_wconf 86' lang='lat' dir='ltr'>meroram</span> <span class='ocrx_word' id='word_1_144' title='bbox 495 2829 500 2835; x_wconf 85' lang='lat'><strong>·</strong></span> <span class='ocrx_word' id='word_1_145' title='bbox 525 2788 866 2869; x_wconf 86' lang='lat' dir='ltr'>originatio</span> <span class='ocrx_word' id='word_1_146' title='bbox 923 2808 1034 2847; x_wconf 72' lang='lat' dir='ltr'>sen</span> <span class='ocrx_word' id='word_1_147' title='bbox 1079 2787 1912 2868; x_wconf 79' lang='lat' dir='ltr'>procreati0.——Eleganter</span> 
     </span>
     <span class='ocr_line' id='line_1_27' title="bbox 170 2879 1913 2963; baseline -0.001 -23"><span class='ocrx_word' id='word_1_148' title='bbox 170 2881 342 2954; x_wconf 89' lang='lat' dir='ltr'>illud,</span> <span class='ocrx_word' id='word_1_149' title='bbox 370 2882 471 2942; x_wconf 82' lang='lat' dir='ltr'>abi</span> <span class='ocrx_word' id='word_1_150' title='bbox 489 2883 674 2963; x_wconf 68' lang='lat' dir='ltr'>prius</span> <span class='ocrx_word' id='word_1_151' title='bbox 703 2881 862 2942; x_wconf 77' lang='lat' dir='ltr'>nihil</span> <span class='ocrx_word' id='word_1_152' title='bbox 887 2890 1049 2956; x_wconf 85' lang='lat' dir='ltr'>erat,</span> <span class='ocrx_word' id='word_1_153' title='bbox 1076 2891 1456 2963; x_wconf 77' lang='lat' dir='ltr'>apponatur.</span> <span class='ocrx_word' id='word_1_154' title='bbox 1523 2883 1604 2941; x_wconf 88' lang='lat' dir='ltr'>Et</span> <span class='ocrx_word' id='word_1_155' title='bbox 1634 2901 1709 2946; x_wconf 79' lang='lat' dir='ltr'>ex</span> <span class='ocrx_word' id='word_1_156' title='bbox 1739 2879 1913 2939; x_wconf 88' lang='lat' dir='ltr'>addi-</span> 
     </span>
     <span class='ocr_line' id='line_1_28' title="bbox 171 2974 1913 3048; baseline -0.001 -14"><span class='ocrx_word' id='word_1_157' title='bbox 171 2976 337 3036; x_wconf 90' lang='lat' dir='ltr'>tione</span> <span class='ocrx_word' id='word_1_158' title='bbox 364 2978 668 3037; x_wconf 89' lang='lat' dir='ltr'>unitatum</span> <span class='ocrx_word' id='word_1_159' title='bbox 695 2977 830 3036; x_wconf 91' lang='lat' dir='ltr'>fieri</span> <span class='ocrx_word' id='word_1_160' title='bbox 859 2997 1200 3048; x_wconf 90' lang='lat' dir='ltr'>numerum,</span> <span class='ocrx_word' id='word_1_161' title='bbox 1232 2978 1338 3037; x_wconf 91' lang='lat' dir='ltr'>sed</span> <span class='ocrx_word' id='word_1_162' title='bbox 1378 2998 1493 3037; x_wconf 88' lang='lat' dir='ltr'>nec</span> <span class='ocrx_word' id='word_1_163' title='bbox 1532 2977 1735 3036; x_wconf 89' lang='lat' dir='ltr'>minus</span> <span class='ocrx_word' id='word_1_164' title='bbox 1778 2974 1913 3034; x_wconf 90' lang='lat' dir='ltr'>fieri</span> 
     </span>
     <span class='ocr_line' id='line_1_29' title="bbox 172 3069 1911 3151; baseline -0.001 -22"><span class='ocrx_word' id='word_1_165' title='bbox 172 3090 284 3148; x_wconf 90' lang='lat' dir='ltr'>per</span> <span class='ocrx_word' id='word_1_166' title='bbox 311 3071 681 3132; x_wconf 87' lang='lat' dir='ltr'>ablationem</span> <span class='ocrx_word' id='word_1_167' title='bbox 719 3073 990 3150; x_wconf 90' lang='lat' dir='ltr'>partium</span> <span class='ocrx_word' id='word_1_168' title='bbox 1033 3073 1361 3151; x_wconf 74' lang='lat' dir='ltr'>aequalium</span> <span class='ocrx_word' id='word_1_169' title='bbox 1391 3074 1467 3132; x_wconf 93' lang='lat' dir='ltr'>ab</span> <span class='ocrx_word' id='word_1_170' title='bbox 1497 3092 1621 3132; x_wconf 89' lang='lat' dir='ltr'>uno</span> <span class='ocrx_word' id='word_1_171' title='bbox 1652 3071 1816 3140; x_wconf 83' lang='lat' dir='ltr'>dato,</span> <span class='ocrx_word' id='word_1_172' title='bbox 1846 3069 1911 3127; x_wconf 93' lang='lat' dir='ltr'>id</span> 
     </span>
     <span class='ocr_line' id='line_1_30' title="bbox 174 3166 1912 3246; baseline -0.001 -23"><span class='ocrx_word' id='word_1_173' title='bbox 174 3173 284 3231; x_wconf 80' lang='lat' dir='ltr'>est,</span> <span class='ocrx_word' id='word_1_174' title='bbox 309 3185 420 3244; x_wconf 88' lang='lat' dir='ltr'>per</span> <span class='ocrx_word' id='word_1_175' title='bbox 447 3166 824 3239; x_wconf 87' lang='lat' dir='ltr'>divisionem,</span> <span class='ocrx_word' id='word_1_176' title='bbox 854 3168 1030 3246; x_wconf 89' lang='lat' dir='ltr'>pueri</span> <span class='ocrx_word' id='word_1_177' title='bbox 1061 3167 1298 3237; x_wconf 87' lang='lat' dir='ltr'>sciunt;</span> <span class='ocrx_word' id='word_1_178' title='bbox 1346 3187 1535 3246; x_wconf 87' lang='lat' dir='ltr'>quare</span> <span class='ocrx_word' id='word_1_179' title='bbox 1566 3175 1772 3226; x_wconf 90' lang='lat' dir='ltr'>autem</span> <span class='ocrx_word' id='word_1_180' title='bbox 1802 3183 1912 3242; x_wconf 91' lang='lat' dir='ltr'>per</span> 
     </span>
     <span class='ocr_line' id='line_1_31' title="bbox 174 3261 1912 3344; baseline -0.001 -23"><span class='ocrx_word' id='word_1_181' title='bbox 174 3261 549 3323; x_wconf 85' lang='lat' dir='ltr'>additionem</span> <span class='ocrx_word' id='word_1_182' title='bbox 588 3265 795 3343; x_wconf 86' lang='lat' dir='ltr'>potius</span> <span class='ocrx_word' id='word_1_183' title='bbox 844 3285 1026 3344; x_wconf 90' lang='lat' dir='ltr'>quam</span> <span class='ocrx_word' id='word_1_184' title='bbox 1066 3285 1176 3343; x_wconf 90' lang='lat' dir='ltr'>per</span> <span class='ocrx_word' id='word_1_185' title='bbox 1215 3266 1606 3337; x_wconf 89' lang='lat' dir='ltr'>ablationem,</span> <span class='ocrx_word' id='word_1_186' title='bbox 1644 3262 1820 3341; x_wconf 87' lang='lat' dir='ltr'>pueri</span> <span class='ocrx_word' id='word_1_187' title='bbox 1849 3270 1912 3319; x_wconf 90' lang='lat' dir='ltr'>et</span> 
     </span>
     <span class='ocr_line' id='line_1_32' title="bbox 173 3356 1909 3439; baseline -0.001 -24"><span class='ocrx_word' id='word_1_188' title='bbox 173 3356 482 3416; x_wconf 88' lang='lat' dir='ltr'>Wallisius</span> <span class='ocrx_word' id='word_1_189' title='bbox 519 3359 694 3436; x_wconf 86' lang='lat' dir='ltr'>juxta</span> <span class='ocrx_word' id='word_1_190' title='bbox 734 3360 1033 3420; x_wconf 84' lang='lat' dir='ltr'>nesciunt.</span> <span class='ocrx_word' id='word_1_191' title='bbox 1123 3361 1371 3420; x_wconf 90' lang='lat' dir='ltr'>Poterat</span> <span class='ocrx_word' id='word_1_192' title='bbox 1411 3379 1557 3439; x_wconf 83' lang='lat' dir='ltr'>ergo</span> <span class='ocrx_word' id='word_1_193' title='bbox 1605 3357 1909 3417; x_wconf 84' lang='lat' dir='ltr'>subtilitas</span> 
     </span>
     <span class='ocr_line' id='line_1_33' title="bbox 172 3449 1908 3520; baseline -0.002 -11"><span class='ocrx_word' id='word_1_194' title='bbox 172 3449 328 3520; x_wconf 88' lang='lat' dir='ltr'>haec,</span> <span class='ocrx_word' id='word_1_195' title='bbox 359 3450 488 3510; x_wconf 85' lang='lat' dir='ltr'>sine</span> <span class='ocrx_word' id='word_1_196' title='bbox 527 3451 653 3511; x_wconf 88' lang='lat' dir='ltr'>ulla</span> <span class='ocrx_word' id='word_1_197' title='bbox 693 3453 1157 3513; x_wconf 86' lang='lat' dir='ltr'>existimationis</span> <span class='ocrx_word' id='word_1_198' title='bbox 1204 3474 1330 3514; x_wconf 86' lang='lat' dir='ltr'>suae</span> <span class='ocrx_word' id='word_1_199' title='bbox 1387 3463 1492 3513; x_wconf 89' lang='lat' dir='ltr'>aut</span> <span class='ocrx_word' id='word_1_200' title='bbox 1550 3449 1908 3511; x_wconf 88' lang='lat' dir='ltr'>eruditionis</span> 
     </span>
     <span class='ocr_line' id='line_1_34' title="bbox 173 3541 1908 3626; baseline -0.002 -24"><span class='ocrx_word' id='word_1_201' title='bbox 173 3553 402 3604; x_wconf 88' lang='lat' dir='ltr'>nostrae</span> <span class='ocrx_word' id='word_1_202' title='bbox 442 3544 699 3622; x_wconf 86' lang='lat' dir='ltr'>jactura,</span> <span class='ocrx_word' id='word_1_203' title='bbox 739 3548 1146 3624; x_wconf 83' lang='lat' dir='ltr'>praetermitti,</span> <span class='ocrx_word' id='word_1_204' title='bbox 1180 3546 1689 3626; x_wconf 90' lang='lat' dir='ltr'>quemadmodum</span> <span class='ocrx_word' id='word_1_205' title='bbox 1733 3552 1796 3601; x_wconf 89' lang='lat' dir='ltr'>et</span> <span class='ocrx_word' id='word_1_206' title='bbox 1843 3541 1908 3599; x_wconf 92' lang='lat' dir='ltr'>id</span> 
     </span>
     <span class='ocr_line' id='line_1_35' title="bbox 173 3636 1908 3720; baseline -0.002 -22"><span class='ocrx_word' id='word_1_207' title='bbox 173 3637 341 3716; x_wconf 88' lang='lat' dir='ltr'>quod</span> <span class='ocrx_word' id='word_1_208' title='bbox 382 3638 657 3719; x_wconf 85' lang='lat' dir='ltr'>proxime</span> <span class='ocrx_word' id='word_1_209' title='bbox 707 3642 997 3720; x_wconf 87' lang='lat' dir='ltr'>sequitur,</span> <span class='ocrx_word' id='word_1_210' title='bbox 1041 3641 1331 3702; x_wconf 87' lang='lat' dir='ltr'>nimirum</span> <span class='ocrx_word' id='word_1_211' title='bbox 1379 3642 1516 3715; x_wconf 84' lang='lat' dir='ltr'>hoe,</span> <span class='ocrx_word' id='word_1_212' title='bbox 1564 3647 1658 3699; x_wconf 75' lang='lat' dir='ltr'>est</span> <span class='ocrx_word' id='word_1_213' title='bbox 1710 3636 1908 3717; x_wconf 83' lang='lat' dir='ltr'>igitar</span> 
     </span>
    </p>

    <p class='ocr_par' dir='ltr' id='par_1_9' title="bbox 1616 3750 1711 3790">
     <span class='ocr_line' id='line_1_36' title="bbox 1616 3750 1711 3790; baseline 0 -6"><span class='ocrx_word' id='word_1_214' title='bbox 1616 3750 1654 3790; x_wconf 88' lang='lat' dir='ltr'><strong>E</strong></span> <span class='ocrx_word' id='word_1_215' title='bbox 1688 3750 1711 3784; x_wconf 85' lang='lat'><strong>2</strong></span> 
     </span>
    </p>
   </div>
   <div class='ocr_carea' id='block_1_8' title="bbox 1964 542 2215 642">
    <p class='ocr_par' dir='ltr' id='par_1_10' title="bbox 1964 542 2215 642">
     <span class='ocr_line' id='line_1_37' title="bbox 1964 542 2215 574; baseline 0 0"><span class='ocrx_word' id='word_1_216' title='bbox 1964 542 2215 574; x_wconf 90' lang='lat' dir='ltr'><strong>DIALOGUS</strong></span> 
     </span>
     <span class='ocr_line' id='line_1_38' title="bbox 2079 610 2111 642; baseline 0.031 -1"><span class='ocrx_word' id='word_1_217' title='bbox 2079 610 2111 642; x_wconf 92' lang='lat'>1.</span> 
     </span>
    </p>
   </div>
  </div>
 </body>
</html>
