2462 4120
599 325 721 377 466
1277 343 1364 384 DE
1406 345 1654 386 MEDIIS

1236 654 1679 716 APPENDIX.

682 795 837 855 Cum
874 797 937 856 in
981 799 1103 858 fine
1143 799 1373 878 Capitis
1407 802 1533 860 xxii
1573 822 1646 861 ex
1685 803 1830 861 data
1879 803 2086 882 anguli
2136 803 2330 863 omni-

595 890 780 950 moda
837 893 1106 952 sectione
1174 894 1531 953 divisionem
1591 897 1774 955 etiam
1832 898 2082 957 rationis
2141 897 2332 957 omni-

594 984 842 1044 modam
886 986 1149 1046 inveniri
1191 990 1703 1067 praesumpserim,
1747 990 1813 1050 id
1855 1011 2020 1050 nunc
2072 993 2177 1072 qui
2223 993 2331 1052 fiat

595 1088 948 1139 ostensurus
979 1099 1132 1140 sum.

688 1264 778 1306 DE
812 1266 1060 1308 MEDIIS
1095 1266 1795 1312 PROPORTIONALIBUS
1829 1271 1907 1311 IN
1942 1271 2244 1314 GENERE.

622 1409 837 1452 INTER
871 1412 1053 1454 DUAS
1094 1413 1357 1456 RECTAS
1397 1415 1616 1456 DATAS
1651 1415 2003 1457 INVENIRE
2037 1415 2299 1458 MEDIAS

882 1506 1509 1550 PROPORTIONALES
1550 1510 2052 1557 QUOTCUNQUE.

593 1610 762 1669 SINT
811 1612 1008 1689 primo
1060 1613 1445 1674 inveniendae
1499 1615 1636 1674 duae
1677 1615 1893 1675 mediae
1943 1616 2105 1675 inter
2158 1614 2329 1675 datas

591 1725 1002 1784 quascunque,
1034 1707 1143 1766 AB
1186 1709 1477 1786 majorem
1519 1719 1583 1768 et
1613 1709 1725 1767 AV
1755 1709 2052 1768 minorem
2100 1708 2228 1787 (fig.
2254 1710 2327 1787 i).

673 1799 808 1858 Fiat
851 1800 928 1858 ab
960 1800 1069 1859 AB
1115 1801 1484 1880 quadratum
1515 1800 1779 1862 ABCD:
1827 1811 1887 1862 et
1931 1802 1995 1861 in
2037 1802 2330 1862 lateribus

587 1891 720 1966 AB,
747 1892 866 1952 AD
899 1904 1220 1954 sumantur
1251 1894 1385 1969 ΑΕ,
1418 1895 1549 1970 AF,
1590 1906 1851 1976 utraque
1888 1896 2138 1976 aequalis
2185 1895 2324 1956 AV.

671 1988 841 2046 Inter
863 1987 975 2047 AB
1001 1998 1062 2048 et
1082 1988 1195 2048 ΑΕ
1215 1989 1564 2050 inveniatur
1592 1991 1794 2050 media
1813 1989 1934 2063 Aa,
1959 1990 2058 2050 cui
2081 1990 2328 2069 aequalis

586 2083 651 2141 in
693 2083 886 2142 latere
927 2083 1045 2142 AD
1093 2094 1368 2144 sumatur
1408 2084 1533 2144 Ab:
1585 2085 1963 2164 ducaturque
2005 2083 2106 2155 ab,
2147 2104 2328 2162 quam

588 2178 776 2237 ducta
807 2178 1144 2257 diagonalis
1175 2177 1284 2240 AC
1314 2180 1656 2240 necessario
1687 2180 1915 2240 secabit
1953 2178 2232 2239 bifariam
2265 2186 2328 2236 et

588 2271 667 2330 ad
697 2272 955 2350 angulos
986 2282 1188 2332 rectos
1222 2273 1286 2332 in
1318 2274 1379 2333 d.

672 2366 950 2425 Ducatur
993 2367 1176 2425 etiam
1222 2367 1556 2446 diagonalis
1601 2368 1730 2438 BD,
1764 2386 1976 2426 secans
2011 2363 2120 2426 AO
2151 2365 2215 2424 in
2245 2364 2327 2424 N.

589 2460 806 2538 Itaque
837 2459 965 2533 AC,
992 2459 1103 2520 BD
1136 2463 1429 2522 secabunt
1471 2482 1534 2522 se
1578 2472 1790 2522 mutuo
1833 2461 2114 2520 bifariam
2144 2469 2206 2520 et
2249 2460 2329 2520 ad

589 2555 844 2632 angulos
874 2565 1075 2614 rectos
1105 2556 1170 2614 in
1201 2556 1281 2616 N.

671 2650 708 2708 J
713 2658 1022 2728 ungantur
1051 2651 1171 2723 Da,
1206 2650 1314 2720 hE,
1335 2650 1715 2729 ducaturque
1751 2650 1852 2709 EF
1882 2668 2094 2709 secans
2125 2646 2233 2709 AC
2263 2648 2328 2707 in

589 2765 624 2802 o
642 2766 666 2811 ;
710 2753 1010 2823 eruntque
1040 2744 1181 2818 AN,
1212 2744 1333 2818 Ad,
1366 2744 1461 2804 Ao
1492 2745 1781 2804 continue
1818 2743 2327 2823 proportionaleS,

587 2838 653 2896 in
683 2838 895 2897 eadem
925 2839 1161 2898 ratione
1191 2859 1330 2898 cum
1361 2839 1545 2898 rectis
1577 2837 1709 2910 AB,
1738 2837 1856 2910 Aa,
1882 2836 2015 2910 ΑΕ,
2043 2838 2167 2897 sive
2186 2835 2326 2910 AD,

589 2931 708 3004 Ab,
751 2930 898 3000 AF;
946 2940 1007 2991 et
1056 2941 1243 2992 rectae
1283 2931 1416 3003 BD,
1457 2931 1553 3007 ab,
1598 2933 1698 2991 EF
1741 2932 2029 2992 continue
2071 2950 2328 3010 propor-

587 3026 867 3087 tionales.

674 3121 900 3181 Centro
946 3121 1027 3193 N,
1072 3120 1244 3181 radio
1291 3120 1423 3195 NB,
1472 3120 1853 3180 describatur
1895 3138 2071 3180 arcus
2115 3117 2327 3178 circuli

587 3213 716 3288 BG,
762 3235 974 3275 secans
1015 3215 1115 3274 Da
1158 3215 1523 3294 productam
1574 3216 1638 3275 in
1683 3215 1762 3275 G:
1808 3215 1958 3274 item
2004 3223 2218 3272 centro
2263 3212 2324 3286 d,

584 3309 759 3369 radio
792 3310 896 3383 da,
929 3309 1311 3369 describatur
1355 3329 1535 3371 arcus
1575 3307 1788 3368 circuli
1835 3326 1944 3388 ag,
1984 3326 2195 3367 secans
2237 3305 2324 3365 bE

583 3404 950 3483 productam
978 3403 1043 3462 in
1068 3424 1138 3483 g,
1170 3403 1552 3482 ducaturque
1585 3402 1694 3482 dg.

671 3498 979 3559 Quoniam
1019 3517 1165 3575 ergo
1207 3506 1298 3556 est
1336 3508 1406 3557 ut
1430 3496 1548 3556 AD
1581 3497 1660 3556 ad
1691 3495 1810 3569 Aa,
1856 3495 1942 3555 ita
1971 3493 2089 3566 Aa,
2127 3494 2193 3553 id
2232 3501 2327 3552 est

587 3591 704 3667 Ab,
737 3592 815 3652 ad
845 3591 978 3667 ΑΕ,
1003 3600 1182 3651 erunt
1210 3591 1328 3666 Da,
1356 3590 1441 3652 bE
1465 3591 1788 3670 parallelae,
1821 3597 1882 3650 et
1911 3589 2121 3669 anguli
2145 3586 2320 3662 BDa,
