2462 4120
474 394 594 447 246
1002 404 1090 444 DE
1126 402 1409 445 NATURA
1441 402 1668 445 AERIS.

475 545 656 604 laeves
684 561 809 601 non
837 552 1114 620 possunt.
1224 541 1480 614 Deinde,
1511 541 1598 602 vis
1629 541 1750 614 illa,
1783 562 1917 620 quae
1960 541 2039 600 ad
2068 560 2200 600 suc-

478 649 674 698 torem
715 637 1127 696 revellendum
1183 635 1525 708 adhibetur,
1578 637 1902 695 cavitatem
1949 634 2207 714 cylindri

479 730 920 809 aliquantulum
956 729 1263 789 distendit.
1350 729 1681 802 Postremo,
1733 730 1783 788 si
1827 730 1892 788 in
1939 729 2204 788 confinio

483 825 740 883 duarum
799 824 1101 883 dictarum
1152 823 1606 901 superficierum
1657 823 2037 901 ingrediatur
2084 842 2208 882 una

481 928 723 979 tantum
753 927 989 977 atomus
1020 917 1189 989 dura,
1222 936 1325 975 aer
1353 936 1542 995 purus
1583 937 1654 975 ea
1685 917 1783 976 via
1811 917 2208 996 ingredietur,

485 1023 712 1072 conatu
759 1012 1144 1091 quantumvis
1191 1010 1393 1070 debili.
1481 1011 1763 1070 Poteram
1807 1012 1992 1071 etiam
2042 1031 2209 1070 com-

483 1116 729 1187 putasse
759 1126 960 1166 aerem
998 1106 1189 1178 illum,
1222 1106 1327 1184 qui
1369 1116 1622 1184 propter
1665 1106 1920 1165 eandem
1964 1126 2211 1165 causam

484 1203 849 1262 insinuasset
897 1220 959 1259 se
1009 1220 1118 1278 per
1176 1199 1435 1278 cylindri
1485 1200 1808 1259 valvulam.
1897 1200 2212 1260 Sublatam

487 1316 631 1374 ergo
655 1295 823 1355 vides
854 1295 1350 1372 consequentiam
1379 1315 1416 1353 a
1443 1295 1815 1354 retractione
1846 1294 2105 1354 suctoris
2135 1292 2215 1352 ad

485 1391 687 1450 locum
758 1409 1034 1448 vacuum.
1153 1389 1563 1467 Sequuturum
1621 1389 1740 1447 hoc
1806 1407 2045 1467 quoque
2102 1396 2216 1458 est,

489 1505 691 1544 aerem
721 1484 910 1556 illum,
944 1483 1046 1561 qui
1087 1493 1180 1542 est
1210 1483 1271 1541 in
1314 1483 1517 1542 locum
1547 1503 1583 1542 a
1626 1491 1867 1542 suctore
1911 1483 2217 1542 desertum

488 1579 799 1658 impulsuS,
826 1578 967 1656 quia
1006 1597 1227 1655 magna
1255 1577 1316 1636 vi
1360 1577 1652 1656 impulsus
1682 1587 1790 1650 est,
1829 1587 2003 1636 motu
2042 1576 2217 1637 valde

490 1673 672 1732 celeri
702 1682 765 1731 et
793 1692 902 1750 per
933 1672 1256 1730 circuitum
1298 1671 1460 1730 inter
1499 1691 1804 1730 summum
1836 1681 1899 1730 et
1927 1671 2116 1730 imum
2154 1669 2219 1729 in

491 1767 766 1847 cylindro
790 1767 1020 1825 moveri
1043 1792 1057 1835 ;
1089 1785 1223 1825 cum
1254 1766 1526 1825 nondum
1550 1767 1626 1826 sit
1651 1766 1814 1844 quod
1833 1775 2068 1825 motum
2088 1766 2219 1844 ejus

491 1862 685 1941 possit
714 1860 1050 1920 debilitare.
1139 1861 1269 1919 Scis
1308 1870 1514 1919 autem
1549 1861 1701 1919 nihil
1746 1880 1875 1920 esse
1906 1859 2070 1939 quod
2107 1858 2222 1918 sibi

493 1963 730 2014 motum
761 1963 867 2012 aut
895 1954 1191 2032 impertiri
1221 1954 1435 2032 possit,
1466 1964 1570 2013 aut
1601 1953 1956 2013 diminuere.

576 2051 659 2109 B.
702 2050 850 2107 Esto
878 2048 1049 2107 locus
1080 2047 1180 2107 ille
1221 2047 1469 2107 relictus
1510 2047 1744 2126 plenus,
1776 2057 1846 2107 ut
1881 2046 2051 2120 dicis,
2083 2065 2222 2105 aere

493 2163 665 2222 pum,
714 2142 779 2200 id
836 2152 948 2214 est,
1009 2161 1122 2219 ego
1176 2142 1565 2219 interpretor,
1627 2161 1882 2220 corpore
1939 2140 2222 2200 aethereo,

500 2236 666 2297 Quid
704 2237 850 2314 jam,
883 2235 934 2295 si
961 2255 1134 2294 versa
1164 2235 1458 2294 clavicula
1498 2237 1789 2295 transitus
1820 2235 1997 2295 detur
2026 2235 2152 2293 aeri
2191 2253 2226 2292 e

496 2330 832 2408 recipiente
901 2329 966 2389 in
1039 2330 1381 2408 subjectum
1453 2330 1814 2408 cylindrum,
1866 2339 2228 2390 eventurum

498 2423 720 2504 putas?

587 2517 668 2577 A.
714 2516 1077 2576 Permistum
1099 2516 1174 2575 iri
1197 2526 1346 2595 puto
1378 2537 1578 2576 aerem
1602 2526 1948 2598 utrumque,
1973 2527 2036 2577 et
2059 2525 2232 2577 motu

504 2611 718 2671 eodem
748 2610 1122 2670 circumferri
1151 2611 1215 2670 in
1244 2621 1506 2690 utroque
1540 2632 1700 2685 vase,
1745 2613 1926 2672 celeri
1967 2612 2231 2691 quidem,

505 2706 612 2765 sed
655 2714 830 2764 tanto
888 2706 1313 2783 temperatiore
1362 2727 1543 2784 quam
1588 2717 1750 2781 ante,
1803 2718 2032 2786 quanto
2070 2707 2233 2766 idem

505 2808 706 2859 motus
735 2800 951 2878 majori
982 2800 1307 2877 quantitati
1337 2801 1491 2860 aeris
1522 2802 2025 2862 communicatur.

594 2893 674 2953 B.
720 2893 1187 2952 Observavimus
1224 2904 1450 2968 autem,
1493 2915 1669 2954 versa
1714 2896 2025 2969 clavicula,
2073 2896 2235 2955 soni-

507 2995 638 3046 tum
695 2987 828 3045 fieri
887 2989 1058 3066 quasi
1115 2988 1271 3048 aeris
1319 3009 1351 3048 e
1401 2990 1735 3068 recipiente
1780 2991 1843 3050 in
1895 2990 2235 3070 cylindrum

508 3082 917 3160 irrumpentis.
940 3120 943 3125 -

591 3175 672 3235 A.
721 3175 950 3234 Mirum
979 3177 1098 3236 hoc
1127 3197 1252 3236 non
1283 3187 1391 3250 est,
1415 3186 1666 3257 propter
1690 3179 1845 3238 aeris
1868 3179 1931 3238 in
1961 3177 2236 3257 cylindro

511 3291 650 3330 cum
699 3290 838 3329 aere
885 3271 1230 3349 recipientis
1282 3272 1676 3334 collisionem.
1765 3274 1886 3334 Sed
1935 3273 2239 3352 quomodo

510 3366 644 3425 haec
675 3366 990 3443 explicatis
1020 3387 1126 3425 vos
1152 3366 1171 3425 ἓ

597 3459 678 3519 Β.
723 3460 968 3539 Duplici
997 3460 1200 3520 modo.
1288 3461 1489 3521 Primo
1522 3472 1583 3524 et
1619 3463 1860 3542 potiori,
1888 3463 1996 3522 sic.
2086 3463 2241 3540 Sup-

509 3554 791 3631 ponimus
823 3555 968 3626 aeri,
993 3554 1056 3612 in
1089 3574 1207 3632 quo
1237 3555 1515 3630 vivimUS,
1540 3557 1736 3616 inesse
1759 3557 1880 3616 vim
1912 3556 2238 3628 elasticam,

510 3648 575 3707 id
597 3658 707 3722 est,
733 3668 933 3708 aerem
963 3650 1237 3727 partibus
1268 3659 1547 3710 constare
1572 3652 1668 3712 vel
1694 3652 1908 3712 saltem
1931 3649 2240 3711 abundare
