2462 4120
624 374 744 427 338
1079 390 1540 433 PROBLEMATA
1573 392 1890 434 PHYsmA.

336 541 449 575 CAP·
480 545 526 576 v.
623 544 983 605 quacunque
1013 527 1408 607 homogenea,
1440 537 1502 587 et
1546 528 1704 588 illius
1743 530 2070 588 terminum
2099 530 2342 608 quidem

354 647 411 682 De
432 649 524 682 <1010
621 619 881 679 alterum
924 642 1108 681 manu
1147 633 1375 693 teneaS‚
1407 622 1704 681 terminus
1747 633 1950 682 autem
1991 623 2145 682 alter
2186 624 2343 683 cale-

352 702 514 738 ⁰t¹¹²⁰¹¹³·
619 714 728 772 fiat
772 714 917 774 dum
964 717 1306 788 candescat,
1339 717 1567 794 poteris
1606 737 1739 776 eam
1774 718 1956 777 etiam
1997 718 2084 776 sic
2122 718 2343 778 illaesus

620 817 846 868 tenere.
932 811 1160 868 Verum
1190 810 1238 868 si
1269 810 1448 868 simul
1476 819 1685 869 teneas
1716 820 1778 869 et
1811 821 2048 889 partem
2079 811 2342 870 canden-

618 909 743 962 tem
790 904 991 964 subito
1033 905 1372 982 extinguas,
1414 924 1630 964 manus
1670 905 1783 964 tibi
1827 906 1913 965 ita
1953 905 2344 966 vehementer

618 1009 849 1070 uretur,
881 1009 950 1058 ut
980 1008 1188 1058 tenere
1217 998 1382 1057 illam
1414 998 1640 1058 diutius
1669 1019 1793 1058 non
1822 1000 2035 1078 possis·

699 1092 780 1151 A.
826 1093 991 1151 Nota
1020 1113 1115 1151 res
1146 1101 1254 1151 est.

705 1187 780 1244 B.
827 1186 1013 1246 Vides
1058 1207 1221 1264 ergo,
1264 1197 1334 1245 ut
1383 1196 1585 1247 motus
1630 1187 1895 1266 partium
1937 1188 2014 1246 ab
2050 1187 2108 1246 A
2133 1206 2342 1246 versus

619 1280 668 1340 C
698 1290 760 1340 et
790 1281 840 1340 B
882 1280 1300 1340 vehementior
1339 1281 1532 1340 multo
1579 1281 1778 1340 factus
1831 1281 1912 1340 sit
1954 1300 2136 1359 quam
2178 1291 2341 1354 ante,

615 1385 798 1453 atque
830 1375 1013 1433 etiam
1053 1375 1117 1433 in
1161 1374 1370 1453 spatiis
1417 1375 1779 1434 arctioribus
1817 1383 2070 1452 propter
2109 1374 2342 1434 extinc-

613 1469 844 1528 tionem
889 1469 1154 1548 partium
1203 1469 1596 1528 inferiorum:
1655 1478 1843 1547 utque
1895 1469 2090 1527 omnis
2141 1478 2341 1529 motus

611 1563 877 1641 partium
902 1564 1260 1623 inferiorum
1281 1564 1486 1623 unitus
1510 1564 1587 1623 sit
1609 1564 1903 1642 paulatim
1932 1563 1995 1621 in
2018 1571 2246 1642 puncto
2269 1563 2338 1624 B.

612 1657 818 1736 Atque
846 1659 988 1717 hinc
1016 1659 1149 1717 fieri
1179 1658 1380 1731 cred0,
1403 1651 1473 1718 ut
1496 1658 1688 1717 cauda
1718 1658 1822 1717 illa
1843 1657 1972 1730 BC,
1994 1677 2341 1745 quanquam

614 1752 806 1825 exilis,
827 1751 1174 1811 difficillime
1192 1761 1397 1811 tamen
1417 1752 1756 1830 frangatur.
1803 1751 2109 1812 Quoniam
2133 1761 2341 1811 autem

612 1855 812 1905 motus
851 1846 951 1905 hic
1001 1847 1063 1905 in
1117 1847 1396 1906 omnibus
1434 1846 1579 1905 vitri
1617 1845 1931 1924 particulis
1975 1864 2099 1904 non
2143 1845 2341 1904 solum

612 1940 922 2000 circularis
957 1951 1068 2013 est,
1111 1942 1219 2000 sed
1265 1941 1448 2000 etiam
1483 1950 1860 2019 propagatur
1897 1940 1959 1998 in
2006 1939 2338 2018 longitudi-

609 2053 749 2094 nem
780 2055 816 2094 a
843 2034 1034 2094 fundo
1056 2036 1109 2093 A
1132 2035 1210 2094 ad
1241 2035 1553 2113 cuspidem
1575 2035 1623 2092 B
1647 2058 1660 2092 ε
1691 2043 1944 2113 propter
1965 2034 2348 2094 reactionem

607 2148 902 2206 vaporum
926 2149 999 2187 ex
1024 2149 1179 2208 aqua
1204 2129 1494 2188 calefacta
1522 2129 1586 2187 in
1608 2138 1848 2207 guttam
1867 2127 1987 2186 AA
2005 2128 2347 2206 agentium,

608 2231 773 2282 totus
804 2232 1005 2282 motus
1037 2224 1272 2301 spiralis
1301 2223 1426 2294 fiet,
1461 2231 1521 2281 et
1549 2242 1659 2300 per
1693 2221 1865 2280 illum
1897 2221 2249 2282 diffindetur
2278 2231 2339 2282 et

609 2318 993 2396 torquebitur
1032 2318 1287 2376 materia
1314 2317 1510 2376 vitrea
1551 2318 1626 2376 ab
1666 2317 1788 2375 imo
1828 2316 1907 2375 ad
1943 2337 2243 2376 summum
2273 2317 2339 2376 in

607 2411 711 2470 fila
751 2412 945 2470 vitrea
985 2411 1467 2483 innumerabilia,
1514 2420 1584 2469 ut
1628 2412 1785 2468 fiunt
1829 2410 1894 2468 in
1943 2410 2261 2470 arboribus
2300 2431 2338 2471 a

608 2525 788 2564 succo
819 2515 1106 2583 surgente
1136 2525 1253 2584 quo
1282 2504 1636 2563 nutriuntur
1665 2503 1768 2561 fila
1797 2503 2018 2581 lignea.

691 2600 925 2677 Itaque,
975 2599 1026 2658 si
1070 2598 1327 2657 caudam
1378 2598 1543 2656 illam
1574 2596 1750 2655 ACB
1789 2597 1999 2655 flectas
2049 2596 2337 2675 (exempli

608 2693 813 2770 causa)
849 2694 914 2752 in
944 2694 1027 2753 C:
1073 2693 1137 2752 id
1181 2693 1344 2771 quod
1373 2694 1666 2770 majorem
1694 2690 1950 2769 requirit
1979 2690 2122 2763 vim,
2154 2711 2337 2769 quam

609 2787 747 2865 quis
793 2787 970 2846 facile
1015 2787 1326 2846 crederet:
1381 2785 1483 2844 fila
1525 2785 1628 2844 illa
1670 2784 1865 2843 vitrea
1908 2785 2115 2844 omnia
2157 2785 2336 2844 simul

605 2883 831 2941 flectes.
939 2881 1140 2961 Atque
1205 2880 1417 2940 eadem
1475 2880 1633 2938 flexa
1689 2879 2079 2951 tenebuntur,
2139 2878 2335 2937 donec

605 2985 784 3055 rupto
833 2976 992 3034 vitro
1040 2976 1104 3033 in
1151 2975 1198 3034 C
1243 2974 1421 3033 simul
1465 2973 1671 3032 omnia
1726 2972 2082 3031 liberentur.
2176 2971 2334 3031 Tum

602 3091 748 3131 vero
779 3054 980 3129 subito
1013 3069 1190 3128 simul
1226 3068 1428 3127 omnia
1474 3067 1749 3126 resilient
1785 3065 1975 3142 (velut
2004 3085 2180 3124 arcus
2210 3066 2333 3126 fra-

602 3163 740 3243 gilis
771 3173 834 3222 et
863 3163 1119 3229 nimium
1157 3172 1384 3234 tensus,
1428 3170 1610 3240 rupto
1649 3158 1866 3236 nervo)
1903 3158 1966 3218 in
2006 3159 2332 3237 particulas

602 3257 1095 3318 innumerabiles,

687 3354 768 3413 Α.
812 3352 983 3411 Nihil
1011 3351 1412 3411 verisimilius.
1497 3351 1576 3408 Et
1620 3358 1858 3420 natura,
1905 3347 1955 3406 si
1997 3346 2062 3406 in
2105 3347 2225 3406 alia
2264 3366 2330 3406 re

601 3447 744 3519 ulla,
775 3446 839 3505 in
877 3445 993 3504 hac
1034 3465 1096 3504 se
1138 3444 1427 3523 prodidit,
1461 3452 1523 3502 et
1565 3443 1630 3501 in
1674 3442 1777 3502 illa
1819 3440 1894 3499 de
1946 3440 2329 3500 restitutione

600 3541 961 3602 laminarum
988 3540 1049 3599 in
1072 3539 1343 3599 ballistis.
1409 3539 1547 3599 Quo
1571 3537 1971 3615 phaenomeno
1995 3533 2327 3615 suppositio
