2462 4120
572 354 648 407 58
929 367 1372 412 ΕΧΑΜῙΝΑΤΙΟ
1407 371 1492 412 ΕΤ
1525 372 1935 415 EMENDATIO

256 524 504 558 nummis
565 504 794 573 voluit3
839 504 1063 566 lineam
1101 527 1232 568 esse
1263 528 1502 588 corpuS,
1533 510 1598 569 in
1639 531 1759 590 quo
1804 510 2122 590 longitudo
2157 511 2288 590 qui-

349 593 403 624 ΙΙ.

260 649 495 677 κ--Ὗ--κ

567 599 707 658 dem
735 607 797 658 et
827 599 957 660 sola
985 611 1390 680 computatur,
1421 604 1680 665 latitudo
1712 625 1855 665 vero
1888 625 2012 664 non
2042 624 2290 682 compu-

564 702 769 758 tatum
812 714 1050 773 nempe,
1080 696 1240 756 viam
1278 698 1556 777 corporis
1586 699 1749 772 moti,
1794 700 1965 776 cujus
2007 699 2290 778 corporis

562 786 736 847 milla
773 789 1205 849 consideratur
1250 792 1567 870 quantitas
1587 815 1608 852 :
1662 792 2174 872 quemadmodum
2221 792 2287 851 li-

562 900 743 940 neam
771 880 1047 942 definivit
1079 883 1376 942 Hobbius.

644 975 725 1035 B.
772 975 942 1035 Nihil
985 984 1079 1036 est
1115 976 1180 1036 in
1218 977 1313 1036 his
1356 977 1590 1037 duabus
1637 978 2090 1037 definitionibus
2146 978 2286 1051 tuiS,

563 1069 725 1148 quod
753 1089 878 1129 non
915 1071 1089 1130 valde
1130 1071 1539 1149 comprobem,
1586 1072 1706 1130 nisi
1757 1072 1922 1150 quod
1971 1093 2094 1132 non
2138 1073 2288 1131 mihi

558 1164 837 1224 videatur
875 1185 993 1223 vox
1038 1184 1265 1244 corpus
1310 1165 1457 1223 satis
1497 1166 1652 1224 bene
1701 1185 1915 1225 sonare
1963 1166 2029 1225 in
2079 1166 2286 1226 defini-

557 1259 824 1319 tionibus
854 1259 1068 1337 puncti
1099 1268 1160 1317 et
1190 1259 1388 1318 lineae.

640 1354 721 1413 A.
769 1353 896 1412 Cur
925 1354 988 1412 in
1019 1352 1372 1411 definitione
1392 1351 1569 1410 lineae
1590 1351 1688 1410 vel
1718 1351 2123 1430 descriptione
2151 1351 2285 1425 hac,

556 1447 720 1507 linea
744 1449 835 1525 fit
863 1468 940 1506 ex
962 1447 1151 1525 fluxu
1182 1445 1425 1526 puncti,
1455 1466 1581 1504 non
1621 1446 1778 1505 male
1821 1454 1999 1505 sonat
2038 1446 2286 1506 auribus
2326 1485 2333 1491 -

557 1543 678 1601 tuis
718 1563 836 1601 vox
858 1543 1097 1619 βιώτω,
1140 1561 1279 1600 cum
1328 1541 1526 1600 fluxus
1578 1559 1701 1600 non
1753 1541 1943 1620 possit
1995 1560 2126 1600 esse
2169 1541 2287 1600 nisi

557 1636 868 1715 corporis?
947 1637 1269 1709 Praeterea,
1302 1635 1405 1714 qui
1435 1635 1648 1694 dicunt
1675 1635 1898 1694 lineam
1929 1655 2059 1694 esse
2087 1636 2283 1714 longi-

556 1731 851 1804 tudinem,
881 1750 1007 1788 non
1045 1730 1382 1808 loquuntur
1411 1739 1731 1799 accurate3
1775 1750 1919 1788 nam
1953 1730 2138 1808 longa
2171 1740 2283 1803 est,

553 1825 756 1904 potius
814 1844 997 1902 quam
1042 1823 1382 1902 longitudo.
1496 1822 1576 1882 Et
1627 1823 1914 1902 quoniam
1964 1823 2283 1902 longitudo

551 1921 677 1979 lata
724 1918 984 1997 intelligi
1034 1938 1157 1977 non
1202 1924 1424 1996 potest,
1476 1917 1750 1976 definitio
1807 1917 1940 1977 haec
1984 1917 2278 1978 Euclidea

552 2014 715 2072 idem
743 2013 906 2072 valet
936 2033 1007 2072 ac
1038 2013 1089 2071 si
1124 2012 1376 2072 dixisset
1404 2010 1568 2071 linea
1606 2021 1701 2071 est
1742 2011 2060 2092 longitudo
2077 2035 2102 2080 ;
2146 2032 2284 2091 quae

555 2108 827 2168 definitio
856 2128 980 2167 non
1012 2116 1122 2167 est.

634 2203 715 2263 B.
759 2203 968 2262 Tertia
997 2212 1107 2275 est,
1140 2201 1317 2261 Zineoe
1346 2209 1547 2262 autem
1578 2200 1819 2260 termini
1856 2207 1996 2260 sunt
2023 2209 2281 2281 puncta.

553 2297 721 2358 Quid
749 2297 894 2356 huic
924 2295 1210 2375 objicies?

632 2391 714 2452 A.
760 2391 999 2470 Objicio
1030 2390 1466 2450 authoritatem
1494 2387 1772 2461 Wallisii,
1806 2389 1910 2467 qui
1953 2391 2283 2451 terminum

549 2485 727 2545 lineae
775 2486 1058 2564 primum,
1117 2484 1182 2544 id
1227 2493 1337 2556 est,
1397 2483 1766 2562 principium
1816 2483 1979 2560 quod
2028 2494 2283 2544 vocatur

550 2579 820 2638 ultimum
877 2579 1044 2660 quod
1094 2599 1228 2652 non,
1287 2578 1436 2637 dicit
1491 2597 1617 2636 non
1677 2596 1805 2636 esse
1861 2576 2047 2654 ipsius
2103 2577 2281 2639 lineae

547 2673 896 2747 terminum,
928 2673 1034 2732 sed
1063 2673 1239 2732 lineae
1269 2671 1710 2732 antecedentis
1789 2671 2046 2730 Videtur
2075 2682 2280 2732 autem

548 2775 815 2826 statuere
862 2767 1191 2826 terminum
1249 2767 1433 2826 etiam
1475 2766 1753 2838 alterum,
1809 2784 2048 2843 nempe,
2093 2767 2280 2827 finem

546 2861 741 2933 lineae,
793 2881 924 2921 esse
981 2861 1046 2920 in
1101 2860 1263 2919 linea
1320 2859 1617 2938 sequenti,
1671 2867 1733 2917 et
1790 2858 1998 2917 vocari
2057 2858 2278 2920 debere

537 2955 808 3036 primum
837 2954 1007 3034 quod
1035 2954 1145 3013 sic,
1233 2955 1448 3032 Itaque
1479 2962 1585 3012 aut
1613 2952 1799 3011 falsus
1831 2961 1924 3011 est
1951 2952 2278 3029 Wallisius,

547 3057 655 3109 aut
682 3048 964 3108 Euclides
991 3047 1179 3107 falsus
1211 3056 1361 3118 erat,
1387 3047 1491 3125 qui
1520 3046 1814 3105 terminos
1845 3045 2022 3105 lineae
2051 3047 2117 3106 in
2145 3047 2280 3126 ipsa

546 3143 763 3203 statuit
795 3142 975 3202 linea.
1073 3140 1193 3200 Sed
1235 3160 1359 3200 non
1399 3140 1642 3199 videtur
1684 3139 1801 3199 hoc
1848 3139 1984 3200 loco
2014 3141 2278 3202 voluisse

546 3237 829 3301 Euclides
874 3237 1200 3315 quicquam
1246 3234 1538 3302 definire;
1595 3254 1709 3293 nec
1761 3234 1928 3294 aliud
1975 3237 2278 3315 explicare
2354 3230 2356 3233 ⁵

546 3352 730 3411 quam
755 3332 874 3391 hoc
904 3331 1122 3409 ipsum,
1153 3330 1446 3388 terminos
1473 3328 1651 3389 lineae
1680 3349 1807 3388 non
1837 3348 1968 3390 esse
1998 3331 2277 3391 conside-

547 3426 770 3486 randos
801 3434 974 3484 extra
1000 3423 1196 3502 ipsam
1223 3423 1468 3482 lineam.

635 3521 714 3581 B.
762 3521 1000 3581 Quarta
1029 3527 1139 3590 est,
1171 3525 1350 3577 recta
1374 3516 1540 3576 linea
1562 3524 1674 3588 est,
1702 3537 1838 3595 quoe
1868 3539 1944 3576 em
1966 3538 2132 3597 oequo
2161 3537 2276 3578 sua

547 3617 875 3694 interjacet
885 3620 1142 3694 puncta.
1233 3610 1446 3671 Qualis
1476 3609 1758 3670 videtur?
