2462 4120
456 347 1165 392 PRoPOR'rloNALIBUs
1201 351 1276 391 IN
1314 352 1617 394 GENERE.
1782 339 1902 403 479

173 485 315 560 Sed,
361 495 615 566 propter
665 487 960 565 angulum
1001 488 1130 566 Cya
1164 500 1403 550 rectum
1453 492 1710 552 divisum
1757 494 1912 552 bifa-
1971 515 2243 547 APPENDIX.

172 581 326 641 riam
372 582 449 640 ab
490 581 607 660 Ry,
637 591 810 641 recta
840 581 929 644 Ca
969 581 1155 661 dupla
1195 594 1287 644 est
1328 595 1512 646 rectae
1546 587 1675 659 CR,
1706 587 1770 646 id
1800 597 1910 661 est,
1980 574 2217 602 *FF-²

171 684 357 737 rectae
388 675 522 735 DO.

264 769 491 829 Coroll.
523 770 563 829 i.
613 770 922 831 Quoniam
952 771 1067 830 DV
1100 781 1195 831 est
1240 772 1504 831 semissis
1548 773 1755 833 lateris
1792 775 1915 849 BC,

174 874 239 925 et
267 865 380 924 DO
420 864 685 924 semissis
736 865 1047 944 adjunctae
1088 866 1187 939 (33,
1241 875 1302 925 et
1351 866 1536 925 ducta
1565 867 1656 926 Aa
1700 870 1919 928 transit

179 959 274 1035 (ut
320 979 506 1039 supra
558 969 873 1019 ostensum
919 961 1036 1036 est)
1091 980 1203 1038 per
1234 961 1337 1029 X;
1384 961 1500 1019 erit
1539 961 1696 1020 ratio
1728 961 1813 1020 Βδ
1842 963 1921 1021 ad

173 1053 295 1114 DX
346 1053 658 1133 duplicata
709 1055 965 1115 rationis
996 1054 1115 1115 AD
1160 1055 1239 1115 ad
1269 1054 1414 1115 DX.
1505 1055 1712 1116 Quare
1762 1058 1918 1116 ratio

174 1149 304 1220 OV,
335 1148 460 1208 sive
495 1149 594 1208 Dlz
630 1149 920 1226 (semissis
950 1150 1139 1230 ipsius
1162 1149 1298 1228 Ba),
1332 1149 1410 1209 ad
1435 1148 1545 1209 DF
1583 1151 1922 1226 (semissem

173 1243 363 1323 ipsius
393 1242 564 1322 AD),
602 1243 911 1322 duplicata
962 1245 1080 1304 erit
1127 1245 1381 1304 rationis
1423 1243 1542 1303 AD
1574 1244 1654 1303 ad
1684 1243 1826 1317 DX,
1858 1246 1923 1304 id

173 1348 286 1412 est,
317 1338 533 1398 eadem
566 1339 724 1398 ratio
757 1359 939 1417 quam
968 1340 1154 1399 habet
1185 1338 1293 1400 DC
1326 1339 1404 1399 ad
1425 1339 1565 1398 DX.
1657 1339 1743 1398 Ut
1775 1359 1921 1418 ergo

174 1434 286 1494 DC
315 1433 395 1494 ad
423 1431 569 1506 DX,
599 1433 686 1493 ita
716 1444 810 1494 est
846 1435 957 1494 OV
988 1436 1114 1494 sive
1145 1435 1243 1494 Dk
1266 1434 1344 1494 ad
1371 1433 1501 1494 DF.
1588 1433 1744 1493 Sunt
1775 1454 1921 1512 ergo

176 1548 387 1588 rursus
420 1526 551 1602 DC,
584 1527 701 1602 Dlz,
726 1528 837 1588 DF
869 1532 1161 1589 continue
1189 1529 1699 1608 proportionales,

266 1622 496 1683 Coroll.
528 1623 590 1683 ii.
634 1624 943 1702 Jungatur
986 1645 1099 1705 gy,
1147 1623 1644 1703 producaturque
1691 1622 1769 1682 ad
1816 1623 1923 1683 RC

175 1719 242 1778 in
272 1747 329 1799 γ.
419 1717 726 1779 Quoniam
755 1739 901 1798 ergo
932 1718 1034 1798 Ay
1057 1720 1242 1799 dupla
1271 1728 1366 1779 est
1395 1719 1515 1799 Ag,
1537 1719 1654 1778 erit
1683 1738 1923 1797 quoque

184 1814 463 1893 (propter
520 1813 982 1873 similitudinem
1039 1814 1490 1892 triangulorum
1542 1813 1711 1893 Ayg,
1762 1813 1918 1893 ny)

177 1917 349 1968 recta
377 1907 471 1986 yC
501 1907 687 1984 dupla
718 1907 829 1988 Cy.
917 1909 1135 1988 Itaque
1168 1909 1275 1989 Cy,
1308 1907 1419 1967 Bm
1452 1919 1597 1968 sunt
1628 1908 1924 1986 aequales:

179 2013 244 2062 et
273 2003 381 2075 Ry,
415 2023 548 2081 quae
589 2010 683 2061 est
730 2001 1077 2063 differentia
1117 2003 1280 2063 inter
1312 2003 1420 2063 CR
1449 2013 1512 2062 et
1544 2003 1646 2075 Cy,
1678 2002 1924 2080 aequalis

180 2096 540 2157 differentiae
568 2096 730 2156 inter
773 2097 1093 2157 dimidium
1121 2098 1330 2158 lateris
1362 2107 1425 2158 et
1456 2108 1813 2177 tangentem
1846 2103 1925 2157 30

179 2192 504 2271 graduum.

268 2285 499 2346 Coroll.
530 2286 614 2346 iii.
688 2285 893 2365 Dupla
935 2307 1012 2365 ry
1056 2285 1303 2365 aequalis
1362 2296 1456 2345 est
1513 2285 1794 2365 tangenti
1847 2291 1926 2344 30

178 2381 501 2459 graduum,
545 2400 767 2460 nempe
826 2390 1014 2441 rectae
1066 2381 1175 2443 Ca.
1283 2380 1443 2440 Nam
1496 2381 1613 2459 Ry,
1664 2399 1744 2459 Ψ
1783 2389 1927 2438 sunt

181 2475 462 2555 aequales.

271 2570 504 2630 Coroll.
535 2570 615 2631 iv.
672 2569 949 2629 Semissis
1000 2569 1509 2629 circumferentiae
1556 2569 1768 2628 circuli
1822 2568 1927 2627 de-

183 2665 396 2744 scripti
424 2686 462 2725 a
484 2685 571 2746 gr
602 2666 947 2739 semiradio,
979 2666 1226 2743 aequalis
1258 2674 1352 2724 est
1392 2665 1686 2724 lateribus
1716 2664 1926 2723 ambo-

181 2761 295 2820 bus
342 2760 638 2819 cuborum
685 2779 948 2838 quorum
986 2780 1146 2819 unus
1191 2758 1731 2831 circumscribitur,
1772 2757 1926 2816 alter

182 2854 538 2914 inscribitur
568 2853 764 2914 eidem
797 2855 1051 2934 sphaerae
1080 2854 1144 2913 in
1177 2874 1296 2933 qua
1331 2852 1632 2912 maximus
1665 2851 1926 2911 circulus

184 2957 276 3009 est
323 2948 428 3028 qui
469 2948 834 3008 describitur
883 2949 1055 3008 radio
1098 2968 1186 3029 gr
1239 2948 1475 3008 semissi
1530 2947 1738 3007 lateris
1770 2944 1923 3013 AB3

184 3043 351 3124 quod
379 3043 466 3103 sic
496 3043 771 3104 ostendo,
862 3044 927 3104 Si
967 3044 1030 3102 in
1076 3042 1518 3122 quadratorum
1548 3062 1760 3102 eorum
1791 3059 1926 3117 quae

184 3138 326 3198 cubi
347 3139 521 3199 bases
553 3149 715 3212 sunt,
739 3159 864 3199 uno
896 3158 1261 3217 quocunque
1286 3138 1547 3198 ducatur
1567 3134 1923 3214 diagonalis,

185 3232 304 3292 erit
331 3232 697 3311 quadratum
728 3234 857 3311 ejus
889 3233 1142 3310 duplum
1166 3232 1449 3310 quadrati
1480 3253 1517 3291 a
1546 3232 1733 3290 latere
1766 3227 1924 3287 cubi.

185 3326 419 3387 Rursus
450 3327 501 3387 si
531 3328 596 3386 in
626 3328 887 3387 termino
919 3327 1218 3386 alterutro
1250 3327 1410 3385 illius
1443 3322 1778 3404 diagonalis
1810 3321 1924 3380 eri-

184 3430 368 3499 gatur
395 3421 915 3501 perpendicularis
933 3420 1180 3500 aequalis
1206 3421 1348 3480 cubi
1376 3419 1571 3488 lateri,
1594 3425 1761 3477 recta
1790 3434 1925 3492 quae

187 3515 498 3577 subtendit
545 3515 948 3595 diagonalem,
981 3524 1044 3576 et
1070 3514 1230 3576 latus
1260 3515 1411 3575 illud
1443 3513 1582 3574 cubi
1630 3519 1922 3581 erectum,
