2462 4120
183 533 295 564 CAP.
314 532 419 563 XIX.

478 359 596 412 444
715 371 804 412 DE
837 371 1222 414 PRINCIPIIS
1261 372 1340 414 ET
1372 370 1972 414 RATIOCINATIONE

476 518 775 588 punctum
810 511 866 570 A
907 511 985 571 sit
1031 511 1327 571 terminus
1378 510 1811 570 semidiametri
1846 509 1980 583 DA,
2011 529 2049 569 a
2086 530 2207 590 qua

478 605 841 664 describitur
893 605 1383 666 circumferentia
1438 605 1636 677 ABC,
1682 624 1930 663 necesse
1988 613 2079 663 est
2138 613 2208 664 ut

365 706 386 728 ⁸
476 709 776 778 punctum
797 699 853 758 A
876 700 952 760 sit
981 701 1044 759 in
1074 701 1205 778 ipsa
1234 698 1738 757 circumferentia.
1815 698 2031 757 Intulit
2059 716 2206 775 ergo

477 793 636 853 hanc
667 793 1117 853 conclusionem
1142 801 1356 851 contra
1383 792 1576 869 ipsam
1599 791 1868 851 Euclidis
1899 800 2209 851 construc-

480 888 729 960 tionem,
768 889 871 967 qui
910 887 1197 967 supponit
1238 885 1800 964 perpendicularem
1830 886 1928 944 FE
1960 885 2101 944 duci
2130 884 2207 943 ab

479 992 753 1042 extremo
803 991 1033 1060 puncto
1087 980 1388 1039 diametri.
1477 978 1564 1037 At
1595 998 1880 1038 concesso
1910 987 2209 1058 punctum

476 1077 533 1135 A
561 1097 685 1136 non
716 1096 846 1135 esse
875 1076 937 1134 in
969 1073 1479 1145 circumferentia,
1512 1072 1619 1131 sed
1647 1072 2209 1151 perpendicularem

477 1171 574 1230 FE
606 1168 987 1230 solummodo
1018 1167 1232 1227 radere
1263 1167 1386 1226 sive
1421 1175 1673 1244 tangere
1703 1166 1996 1225 circulum
2026 1167 2091 1224 in
2121 1167 2208 1225 A:

477 1266 594 1324 erit
644 1275 850 1324 tamen
897 1273 1193 1342 punctum
1239 1263 1296 1321 A
1334 1271 1508 1321 extra
1553 1261 1848 1320 circulum
1899 1271 1962 1319 et
2012 1261 2087 1319 ab
2135 1280 2210 1319 eo

476 1359 830 1438 separabile,
862 1377 1030 1416 more
1081 1357 1531 1435 contiguorum.
1620 1356 1834 1433 Itaque
1875 1353 2060 1413 ducta
2100 1373 2212 1432 per

474 1454 803 1512 terminum
827 1451 1109 1511 diametri
1139 1460 1308 1509 recta
1332 1450 1593 1528 quadam
1622 1448 1910 1528 parellela
1932 1448 2049 1527 ipsi
2079 1457 2212 1507 tan-

475 1548 646 1627 genti
676 1548 792 1619 FE,
824 1547 927 1605 illa
957 1545 1135 1604 cadet
1164 1545 1324 1604 inter
1354 1553 1583 1603 rectam
1608 1544 1715 1602 AE
1746 1553 1809 1602 et
1838 1562 2050 1601 arcum
2079 1542 2209 1616 AB,

436 1653 438 1655 ’
478 1652 692 1703 contra
717 1641 1300 1701 demonstrationem
1330 1640 1509 1717 hujus
1532 1639 1721 1718 partis
1752 1637 1984 1716 primae.
2073 1637 2210 1697 Per-

478 1737 886 1817 pendicularis
934 1736 1095 1796 enim
1147 1735 1329 1794 ducta
1375 1754 1484 1813 per
1543 1733 1871 1793 terminum
1931 1732 2213 1791 diametri

481 1854 604 1892 non
654 1832 770 1891 erit
815 1834 945 1910 ipsa
991 1840 1247 1909 tangens
1278 1831 1403 1902 AE,
1447 1828 1554 1888 sed
1599 1829 1716 1907 ipsi
1761 1827 2066 1906 parellela,
2097 1845 2211 1885 nec

482 1927 710 1986 secabit
742 1926 1056 1998 circulum,
1081 1925 1187 1984 sed
1210 1924 1458 1983 habebit
1486 1933 1783 2002 punctum
1814 1942 1953 1981 cum
1983 1920 2213 1981 circulo

482 2041 821 2094 commune,
852 2040 1070 2098 nempe
1100 2019 1287 2097 ipsius
1320 2018 1599 2077 diametri
1629 2017 1978 2077 terminum.

565 2116 801 2175 Deinde
833 2114 1120 2193 quoniam
1164 2113 1478 2192 utriusque
1519 2110 1883 2171 semicirculi
1919 2119 2062 2169 sunt
2091 2109 2213 2169 duo

481 2210 746 2283 termini,
778 2218 958 2269 erunt
987 2209 1050 2267 in
1082 2208 1316 2267 duobus
1346 2205 1739 2266 semicirculis
1770 2204 2094 2282 contiguiS,
2133 2203 2214 2263 ad

482 2304 809 2365 terminum
856 2303 1158 2372 diametri,
1190 2302 1310 2361 duo
1340 2310 1587 2379 puncta.
1675 2298 1845 2357 Nihil
1889 2318 2035 2376 ergo
2069 2317 2209 2376 pro-

482 2400 670 2469 hibet,
705 2397 994 2476 quicquid
1026 2397 1103 2456 sit
1131 2405 1449 2475 punctum,
1481 2393 1628 2473 quin
1660 2393 1898 2452 duobus
1938 2391 2213 2451 terminis

482 2513 594 2572 pro
643 2513 767 2551 uno
820 2492 1095 2570 sumptis,
1129 2491 1425 2550 diameter
1469 2509 1594 2547 una
1633 2507 1772 2546 cum
1807 2485 2216 2545 minutissima

483 2597 658 2667 parte
688 2607 862 2646 arcus
899 2587 1065 2662 (cum
1105 2586 1426 2663 plusquam
1467 2592 1763 2662 punctum
1791 2580 1942 2639 illud
1970 2599 2215 2658 geome-

482 2693 735 2753 trarum,
767 2681 917 2739 nihil
949 2700 1270 2740 commune
1315 2679 1391 2739 sit
1422 2686 1607 2737 rectae
1635 2674 2123 2755 perpendiculari
2152 2682 2216 2732 et

482 2776 675 2850 arcui)
710 2776 920 2834 haberi
949 2776 1182 2854 possint
1220 2794 1331 2852 pro
1370 2771 1546 2831 lineis
1577 2791 1712 2850 quae
1741 2770 1977 2829 faciunt
2023 2787 2216 2846 angu-

482 2871 608 2929 lum
638 2878 891 2929 rectum.
981 2870 1140 2928 Nam
1171 2887 1350 2927 crura
1388 2866 1752 2943 angulorum
1781 2864 1856 2923 de
1885 2863 2093 2942 anguli
2122 2882 2216 2922 es-

483 2965 682 3024 sentia
711 2964 958 3023 omnino
990 2983 1112 3022 non
1143 2971 1285 3022 sunt
1311 2986 1324 3021 ε
1372 2972 1435 3019 et
1464 2960 1550 3019 sic
1578 2959 1799 3018 falsum
1829 2976 2068 3036 quoque
2098 2955 2218 3016 erit

485 3059 649 3137 quod
677 3059 741 3116 in
773 3058 954 3116 tertia
987 3066 1161 3135 parte
1207 3053 1744 3114 demonstrationis
1788 3051 1982 3130 ponit,
2029 3070 2215 3128 angu-

482 3154 607 3212 lum
661 3173 841 3231 quem
884 3152 1031 3211 facit
1066 3149 1582 3229 perpendicularis
1629 3167 1767 3206 cum
1804 3165 1970 3218 aron,
2002 3144 2217 3223 quovis

482 3247 707 3326 angulo
738 3255 919 3305 acuto
950 3245 1267 3304 rectilineo
1300 3263 1429 3303 esse
1459 3242 1777 3300 minorem.

566 3343 754 3404 Porro
784 3340 849 3399 in
879 3338 1145 3397 secunda
1175 3348 1236 3397 et
1266 3338 1447 3397 tertia
1474 3345 1647 3415 parte
1679 3330 2214 3393 demonstrationis

483 3437 568 3496 sic
600 3435 748 3494 dicit
774 3458 788 3492 ε
847 3432 1140 3502 Quoniam
1169 3439 1470 3490 ostensum
1499 3437 1592 3488 est
1620 3447 1844 3487 omnem
1873 3433 2111 3485 rectam
2138 3446 2216 3484 ex

484 3532 558 3602 A,
591 3530 835 3590 ductam
879 3526 1053 3606 irffra
1090 3522 1676 3604 perpendicularem
1705 3521 1831 3593 AE,
1864 3519 2092 3579 eadere
2122 3518 2214 3577 in-

485 3634 590 3684 tra
621 3622 932 3696 circulum,
961 3620 1177 3701 faciet
1221 3617 1569 3679 necessario
1614 3635 1688 3675 ea
1736 3614 1901 3674 linea
1928 3633 2056 3673 cum
2086 3611 2214 3685 AC,
