2462 4120
691 400 1166 442 PROBLEMATA
1201 400 1514 442 PHYsmA.
1855 388 1975 453 307

229 539 540 617 signatum
578 538 751 615 cujus
793 546 1073 596 centrum
1118 544 1209 596 est
1239 537 1315 605 A,
1365 556 1726 616 semperque
1774 559 1979 599 aerem

234 634 539 709 (notatum
595 651 705 710 per
754 633 804 690 E
857 641 921 690 et
972 632 1044 708 F)
1099 630 1547 709 projicientem.
1646 633 1976 711 Supposito

220 729 351 806 jam
395 725 560 803 quod
610 725 874 784 mundus
921 745 1047 784 non
1100 735 1263 784 esset
1309 724 1544 803 plenuS,
1598 737 1976 803 sequeretur,

226 829 478 900 propter
512 820 669 878 aeris
718 819 1181 898 dispersionem,
1225 829 1297 878 ut
1347 819 1542 878 multa
1591 819 1726 878 loca
1777 830 1979 880 essent

226 934 439 973 vacua.
511 914 634 974 Sed
665 914 896 973 mundo
926 914 1132 992 plen0,
1166 914 1284 972 hoc
1315 922 1557 972 tantum
1587 915 1880 991 sequitur,
1913 925 1980 974 ut

225 1016 434 1087 partes
465 1009 623 1067 aeris
653 1008 816 1066 inter
847 1028 911 1067 se
943 1027 1154 1066 omnes
1187 1007 1326 1066 loca
1355 1015 1617 1065 mutent.

312 1102 393 1161 A.
445 1102 567 1161 Sed
598 1101 745 1180 quid
776 1111 867 1161 est
897 1101 1062 1180 quod
1092 1100 1359 1179 lapidem
1390 1099 1762 1159 descendere
1794 1101 1981 1179 cogit,

226 1206 396 1275 puta,
429 1216 466 1255 a
493 1207 727 1274 puncto
759 1195 810 1255 G
838 1196 858 1254 Ρ

314 1290 396 1350 B.
445 1292 510 1350 Si
541 1311 646 1351 aer
675 1291 1037 1370 projiciatur
1060 1290 1258 1350 omnis
1287 1289 1452 1348 ultra
1477 1289 1530 1349 G
1552 1288 1983 1367 undequaque,

227 1384 507 1463 sequitur
563 1384 930 1456 necessario,
987 1393 1060 1444 ut
1125 1384 1280 1462 lapis
1338 1382 1589 1443 tandem
1641 1383 1848 1442 veniat
1907 1383 1987 1442 ad

227 1486 492 1538 terram:
540 1479 877 1556 suppositO,
907 1478 1177 1556 inquam,
1210 1477 1442 1536 mundo
1473 1477 1676 1555 pleno,

311 1569 390 1631 A.
440 1571 648 1633 Quare
693 1579 901 1631 autem
931 1573 1002 1632 fit
1033 1571 1363 1632 descensus
1394 1580 1710 1631 crescente
1743 1590 1985 1648 semper

230 1665 596 1725 velocitate?

313 1759 396 1818 B.
443 1759 607 1820 Quia
637 1759 785 1819 dum
830 1758 1150 1819 descendit
1193 1780 1419 1820 novam
1465 1760 1692 1838 accipit
1730 1759 1985 1837 impres-

229 1852 462 1912 sionem
492 1854 568 1912 ab
600 1853 816 1912 eadem
847 1873 1032 1912 causa
1057 1853 1435 1926 continuata,
1458 1873 1680 1932 nempe
1712 1853 1790 1912 ab
1821 1872 1984 1925 aere,

229 1949 403 2024 cujus
441 1955 512 2006 ut
541 1967 665 2006 11113
693 1967 835 2025 pars
877 1947 1174 2020 ascendit,
1208 1947 1346 2020 alia,
1377 1947 1609 2006 mundo
1645 1947 1848 2026 plen0,
1880 1946 1985 2005 de-

229 2040 468 2099 scendit
497 2040 764 2118 lapidem
795 2040 1135 2119 impellens,

312 2134 394 2194 A.
443 2134 627 2195 Quod
659 2134 710 2193 si
739 2154 881 2212 pars
905 2134 1062 2193 aeris
1087 2134 1465 2194 descendens
1496 2133 1766 2212 lapidem
1794 2134 1986 2213 pellat

230 2227 534 2300 deorsum,
568 2227 784 2287 eadem
818 2228 1059 2287 ratione
1094 2248 1236 2307 pars
1277 2228 1434 2288 aeris
1465 2227 1803 2287 ascendens
1835 2248 1984 2287 eun-

230 2321 371 2381 dem
403 2341 644 2381 sursum
672 2322 926 2400 pulsura
955 2332 1083 2381 est:
1131 2322 1338 2400 itaque
1376 2323 1531 2400 lapis
1571 2342 1686 2382 nec
1732 2322 1984 2381 descen-

230 2414 404 2474 deret
433 2435 548 2474 nec
579 2415 958 2488 ascenderet,
992 2415 1101 2474 sed
1132 2425 1411 2475 maneret
1439 2415 1813 2494 ubicunque.

311 2506 390 2567 B.
435 2509 533 2567 Ab
585 2529 844 2568 ascensu
893 2519 957 2568 et
1016 2508 1316 2568 descensu
1372 2511 1644 2588 partium
1710 2510 1867 2569 aeris
1920 2529 1984 2569 se

231 2610 446 2660 mutuo
475 2603 887 2680 prementium
918 2623 1044 2662 non
1084 2605 1157 2663 fit
1196 2604 1390 2682 quieS,
1423 2604 1532 2664 sed
1578 2605 1857 2663 excursio
1904 2604 1985 2662 ad

230 2693 445 2768 latera,
498 2697 1014 2774 quemadmodum
1068 2697 1190 2757 duo
1243 2719 1503 2776 corpora
1561 2699 1769 2758 mollia
1820 2719 1981 2757 com-

231 2806 440 2865 pressa
471 2791 829 2868 expandunt
869 2811 933 2850 56
958 2791 1037 2851 3(1
1068 2793 1624 2871 compressionem:
1669 2791 1834 2851 unde
1859 2792 1984 2850 effi-

233 2881 392 2941 citur
418 2893 491 2942 ut
518 2903 627 2961 per
656 2893 892 2944 motum
913 2887 1185 2964 partium
1207 2888 1365 2946 aeris
1390 2907 1567 2947 verus
1598 2897 1802 2946 motus
1826 2885 1983 2945 aeris

231 2974 448 3035 tendat
497 2996 705 3037 versus
750 2979 945 3056 poIOS,
995 2989 1057 3040 et
1105 2991 1437 3059 propterea
1482 2982 1547 3040 in
1595 2980 1762 3039 omni
1808 2989 1983 3057 parte

233 3068 543 3128 subsidat:
589 3080 652 3130 et
698 3071 844 3130 dum
892 3093 1035 3151 pars
1082 3075 1362 3152 superior
1401 3074 1668 3152 lapidem
1714 3073 1983 3151 depellit,

231 3162 485 3222 inferior
514 3164 697 3223 cedit.
786 3166 948 3225 Nam
978 3187 1054 3226 ex
1076 3169 1211 3247 ipsa
1232 3170 1431 3246 figura
1455 3168 1846 3227 manifestum
1872 3175 1981 3238 est,

233 3256 399 3334 quod
428 3266 631 3316 motus
660 3257 896 3317 telluris
940 3260 1103 3320 intra
1147 3262 1444 3321 circulum
1486 3262 1735 3340 punctis
1779 3261 1982 3337 desig-

231 3357 465 3422 natum,
489 3350 714 3427 partim
743 3355 1162 3430 progressivus
1193 3365 1304 3429 est,
1328 3375 1569 3434 nempe,
1599 3376 1711 3434 pro
1745 3353 1979 3431 magni-

233 3442 449 3501 tudine
490 3442 774 3502 diametri
817 3464 927 3522 per
964 3446 1041 3518 A,
1082 3457 1146 3506 et
1184 3449 1408 3526 partim
1455 3448 1788 3518 circularis,
1835 3446 1979 3523 quia

233 3535 439 3594 omnia
490 3537 620 3614 ejus
671 3547 902 3614 puncta
959 3539 1312 3601 describunt
1371 3543 1648 3601 circellos
1700 3541 1862 3599 inter
1913 3557 1977 3595 se

234 3628 521 3706 aequales,
631 3629 940 3691 Quoniam
981 3642 1185 3693 autem
1225 3635 1290 3694 in
1333 3636 1502 3695 omni
1537 3642 1769 3712 puncto
1818 3630 1975 3690 aeris

1705 3744 1750 3784 x
1781 3744 1805 3779 2

2083 562 2195 594 CAP.
2214 562 2246 594 1.

2047 618 2287 646 b-*f-—ae

2027 672 2084 708 De
2102 673 2293 719 gravitate.
