<?xml version="1.0" encoding="UTF-8"?>
<!DOCTYPE html PUBLIC "-//W3C//DTD XHTML 1.0 Transitional//EN"
    "http://www.w3.org/TR/xhtml1/DTD/xhtml1-transitional.dtd">
<html xmlns="http://www.w3.org/1999/xhtml" xml:lang="en" lang="en">
 <head>
  <title>
</title>
<meta http-equiv="Content-Type" content="text/html;charset=utf-8" />
  <meta name='ocr-system' content='tesseract 3.04.00' />
  <meta name='ocr-capabilities' content='ocr_page ocr_carea ocr_par ocr_line ocrx_word'/>
</head>
<body>
  <div class='ocr_page' id='page_1' title='image "./operaphilosophic04hobbuoft_0165.png"; bbox 0 0 2462 4120; ppageno 0'>
   <div class='ocr_carea' id='block_1_1' title="bbox 618 350 1975 404">
    <p class='ocr_par' dir='ltr' id='par_1_1' title="bbox 618 350 1975 404">
     <span class='ocr_line' id='line_1_1' title="bbox 618 350 1975 404; baseline -0.001 0"><span class='ocrx_word' id='word_1_1' title='bbox 618 359 1145 404; x_wconf 80' lang='lat' dir='ltr'>MATHEMATICAE</span> <span class='ocrx_word' id='word_1_2' title='bbox 1182 358 1592 402; x_wconf 84' lang='lat' dir='ltr'>HODIERNAE.</span> <span class='ocrx_word' id='word_1_3' title='bbox 1861 350 1975 403; x_wconf 91' lang='lat'>153</span> 
     </span>
    </p>
   </div>
   <div class='ocr_carea' id='block_1_2' title="bbox 239 497 1996 3706">
    <p class='ocr_par' dir='ltr' id='par_1_2' title="bbox 239 497 1984 773">
     <span class='ocr_line' id='line_1_2' title="bbox 239 497 1984 581; baseline -0.005 -13"><span class='ocrx_word' id='word_1_4' title='bbox 239 503 554 568; x_wconf 88' lang='lat' dir='ltr'>fractionis</span> <span class='ocrx_word' id='word_1_5' title='bbox 585 501 917 581; x_wconf 84' lang='lat' dir='ltr'>explicasse</span> <span class='ocrx_word' id='word_1_6' title='bbox 949 499 1035 558; x_wconf 90' lang='lat' dir='ltr'>sic</span> <span class='ocrx_word' id='word_1_7' title='bbox 1057 522 1070 556; x_wconf 90' lang='lat'>:</span> <span class='ocrx_word' id='word_1_8' title='bbox 1091 497 1351 576; x_wconf 77' lang='lat' dir='ltr'>fractio</span> <span class='ocrx_word' id='word_1_9' title='bbox 1382 505 1477 556; x_wconf 72' lang='lat' dir='ltr'>est</span> <span class='ocrx_word' id='word_1_10' title='bbox 1516 518 1799 558; x_wconf 75' lang='lat' dir='ltr'>numerus</span> <span class='ocrx_word' id='word_1_11' title='bbox 1818 520 1984 581; x_wconf 81' lang='lat' dir='ltr'>par-</span> 
     </span>
     <span class='ocr_line' id='line_1_3' title="bbox 241 590 1984 679; baseline -0.005 -16"><span class='ocrx_word' id='word_1_12' title='bbox 241 602 389 662; x_wconf 79' lang='lat' dir='ltr'>tium</span> <span class='ocrx_word' id='word_1_13' title='bbox 413 621 436 668; x_wconf 91' lang='grc'><em>;</em></span> <span class='ocrx_word' id='word_1_14' title='bbox 467 595 746 679; x_wconf 77' lang='lat' dir='ltr'>propria</span> <span class='ocrx_word' id='word_1_15' title='bbox 777 593 1014 673; x_wconf 80' lang='lat' dir='ltr'>quidem</span> <span class='ocrx_word' id='word_1_16' title='bbox 1045 591 1223 651; x_wconf 75' lang='lat' dir='ltr'>unius</span> <span class='ocrx_word' id='word_1_17' title='bbox 1243 613 1266 658; x_wconf 88' lang='lat'>,·</span> <span class='ocrx_word' id='word_1_18' title='bbox 1292 590 1644 671; x_wconf 67' lang='lat' dir='ltr'>impropria</span> <span class='ocrx_word' id='word_1_19' title='bbox 1674 614 1816 652; x_wconf 79' lang='lat' dir='ltr'>vero</span> <span class='ocrx_word' id='word_1_20' title='bbox 1841 595 1984 675; x_wconf 79' lang='lat' dir='ltr'>plu-</span> 
     </span>
     <span class='ocr_line' id='line_1_4' title="bbox 242 690 837 773; baseline -0.013 -19"><span class='ocrx_word' id='word_1_21' title='bbox 242 695 399 754; x_wconf 84' lang='lat' dir='ltr'>rium</span> <span class='ocrx_word' id='word_1_22' title='bbox 429 712 612 773; x_wconf 82' lang='lat' dir='ltr'>quam</span> <span class='ocrx_word' id='word_1_23' title='bbox 641 690 837 749; x_wconf 76' lang='lat' dir='ltr'>unius,</span> 
     </span>
    </p>

    <p class='ocr_par' dir='ltr' id='par_1_3' title="bbox 325 788 776 849">
     <span class='ocr_line' id='line_1_5' title="bbox 325 788 776 849; baseline -0.016 1"><span class='ocrx_word' id='word_1_24' title='bbox 325 789 406 849; x_wconf 87' lang='lat' dir='ltr'>B.</span> <span class='ocrx_word' id='word_1_25' title='bbox 452 788 776 846; x_wconf 89' lang='lat' dir='ltr'>Accurate.</span> 
     </span>
    </p>

    <p class='ocr_par' dir='ltr' id='par_1_4' title="bbox 240 874 1990 1510">
     <span class='ocr_line' id='line_1_6' title="bbox 321 874 1987 956; baseline -0.001 -16"><span class='ocrx_word' id='word_1_26' title='bbox 321 880 398 941; x_wconf 89' lang='lat' dir='ltr'>A.</span> <span class='ocrx_word' id='word_1_27' title='bbox 444 879 684 940; x_wconf 81' lang='lat' dir='ltr'>Deinde</span> <span class='ocrx_word' id='word_1_28' title='bbox 713 878 899 938; x_wconf 87' lang='lat' dir='ltr'>verba</span> <span class='ocrx_word' id='word_1_29' title='bbox 927 877 1080 950; x_wconf 85' lang='lat' dir='ltr'>haec,</span> <span class='ocrx_word' id='word_1_30' title='bbox 1118 875 1238 936; x_wconf 76' lang='lat' dir='ltr'>sed</span> <span class='ocrx_word' id='word_1_31' title='bbox 1273 884 1334 935; x_wconf 78' lang='lat' dir='ltr'>et</span> <span class='ocrx_word' id='word_1_32' title='bbox 1383 874 1524 934; x_wconf 79' lang='lat' dir='ltr'>hinc</span> <span class='ocrx_word' id='word_1_33' title='bbox 1569 875 1756 934; x_wconf 81' lang='lat' dir='ltr'>etiam</span> <span class='ocrx_word' id='word_1_34' title='bbox 1802 886 1987 956; x_wconf 76' lang='lat' dir='ltr'>patet</span> 
     </span>
     <span class='ocr_line' id='line_1_7' title="bbox 240 970 1988 1053; baseline -0.003 -17"><span class='ocrx_word' id='word_1_35' title='bbox 240 975 545 1037; x_wconf 79' lang='lat' dir='ltr'>rationum</span> <span class='ocrx_word' id='word_1_36' title='bbox 611 982 674 1033; x_wconf 79' lang='lat' dir='ltr'>et</span> <span class='ocrx_word' id='word_1_37' title='bbox 717 972 1110 1053; x_wconf 79' lang='lat' dir='ltr'><em>fractionum</em></span> <span class='ocrx_word' id='word_1_38' title='bbox 1168 970 1471 1030; x_wconf 71' lang='lat' dir='ltr'><em>identitas</em></span> <span class='ocrx_word' id='word_1_39' title='bbox 1528 970 1658 1029; x_wconf 76' lang='lat' dir='ltr'>sive</span> <span class='ocrx_word' id='word_1_40' title='bbox 1716 971 1988 1047; x_wconf 72' lang='lat' dir='ltr'>affinitas</span> 
     </span>
     <span class='ocr_line' id='line_1_8' title="bbox 242 1064 1988 1145; baseline -0.003 -15"><span class='ocrx_word' id='word_1_41' title='bbox 242 1070 533 1142; x_wconf 69' lang='lat' dir='ltr'>mamima,</span> <span class='ocrx_word' id='word_1_42' title='bbox 579 1068 823 1127; x_wconf 90' lang='lat' dir='ltr'>illorum</span> <span class='ocrx_word' id='word_1_43' title='bbox 854 1076 999 1125; x_wconf 89' lang='lat' dir='ltr'>sunt</span> <span class='ocrx_word' id='word_1_44' title='bbox 1029 1065 1133 1144; x_wconf 89' lang='lat' dir='ltr'>qui</span> <span class='ocrx_word' id='word_1_45' title='bbox 1164 1065 1313 1145; x_wconf 90' lang='lat' dir='ltr'>quid</span> <span class='ocrx_word' id='word_1_46' title='bbox 1342 1074 1630 1124; x_wconf 87' lang='lat' dir='ltr'>accurate</span> <span class='ocrx_word' id='word_1_47' title='bbox 1662 1064 1988 1125; x_wconf 90' lang='lat' dir='ltr'>dicendum</span> 
     </span>
     <span class='ocr_line' id='line_1_9' title="bbox 243 1158 1987 1244; baseline -0.005 -19"><span class='ocrx_word' id='word_1_48' title='bbox 243 1166 321 1225; x_wconf 88' lang='lat' dir='ltr'>sit</span> <span class='ocrx_word' id='word_1_49' title='bbox 352 1165 659 1244; x_wconf 84' lang='lat' dir='ltr'>ignorant.</span> <span class='ocrx_word' id='word_1_50' title='bbox 745 1161 880 1220; x_wconf 86' lang='lat' dir='ltr'>Vox</span> <span class='ocrx_word' id='word_1_51' title='bbox 934 1161 1096 1219; x_wconf 90' lang='lat' dir='ltr'>enim</span> <span class='ocrx_word' id='word_1_52' title='bbox 1134 1160 1239 1219; x_wconf 89' lang='lat' dir='ltr'>illa</span> <span class='ocrx_word' id='word_1_53' title='bbox 1282 1159 1558 1238; x_wconf 75' lang='lat' dir='ltr'>affinitas</span> <span class='ocrx_word' id='word_1_54' title='bbox 1603 1158 1987 1218; x_wconf 84' lang='lat' dir='ltr'>mathemati-</span> 
     </span>
     <span class='ocr_line' id='line_1_10' title="bbox 244 1254 1987 1337; baseline -0.005 -17"><span class='ocrx_word' id='word_1_55' title='bbox 244 1280 455 1320; x_wconf 87' lang='lat' dir='ltr'>corum</span> <span class='ocrx_word' id='word_1_56' title='bbox 486 1278 613 1318; x_wconf 92' lang='lat' dir='ltr'>non</span> <span class='ocrx_word' id='word_1_57' title='bbox 643 1267 755 1317; x_wconf 89' lang='lat' dir='ltr'>est.</span> <span class='ocrx_word' id='word_1_58' title='bbox 845 1257 910 1316; x_wconf 88' lang='lat' dir='ltr'>Si</span> <span class='ocrx_word' id='word_1_59' title='bbox 939 1256 1098 1315; x_wconf 88' lang='lat' dir='ltr'>ratio</span> <span class='ocrx_word' id='word_1_60' title='bbox 1144 1265 1206 1315; x_wconf 93' lang='lat' dir='ltr'>et</span> <span class='ocrx_word' id='word_1_61' title='bbox 1254 1254 1474 1314; x_wconf 89' lang='lat' dir='ltr'>fractio</span> <span class='ocrx_word' id='word_1_62' title='bbox 1517 1254 1732 1314; x_wconf 90' lang='lat' dir='ltr'>eadem</span> <span class='ocrx_word' id='word_1_63' title='bbox 1761 1274 1859 1313; x_wconf 92' lang='lat' dir='ltr'>res</span> <span class='ocrx_word' id='word_1_64' title='bbox 1890 1254 1987 1337; x_wconf 68' lang='lat' dir='ltr'>sit,</span> 
     </span>
     <span class='ocr_line' id='line_1_11' title="bbox 244 1349 1990 1434; baseline -0.004 -19"><span class='ocrx_word' id='word_1_65' title='bbox 244 1355 394 1434; x_wconf 87' lang='lat' dir='ltr'>quid</span> <span class='ocrx_word' id='word_1_66' title='bbox 423 1374 576 1434; x_wconf 92' lang='lat' dir='ltr'>opus</span> <span class='ocrx_word' id='word_1_67' title='bbox 602 1362 694 1413; x_wconf 91' lang='lat' dir='ltr'>est</span> <span class='ocrx_word' id='word_1_68' title='bbox 722 1353 892 1432; x_wconf 90' lang='lat' dir='ltr'>loqui</span> <span class='ocrx_word' id='word_1_69' title='bbox 921 1352 996 1411; x_wconf 87' lang='lat' dir='ltr'>de</span> <span class='ocrx_word' id='word_1_70' title='bbox 1028 1351 1326 1411; x_wconf 86' lang='lat' dir='ltr'>affinitate</span> <span class='ocrx_word' id='word_1_71' title='bbox 1352 1349 1373 1409; x_wconf 72' lang='grc' dir='ltr'>ἓ</span> <span class='ocrx_word' id='word_1_72' title='bbox 1449 1351 1513 1411; x_wconf 83' lang='lat' dir='ltr'>Si</span> <span class='ocrx_word' id='word_1_73' title='bbox 1538 1350 1815 1421; x_wconf 84' lang='lat' dir='ltr'>diversae,</span> <span class='ocrx_word' id='word_1_74' title='bbox 1839 1369 1990 1428; x_wconf 91' lang='lat' dir='ltr'>quo-</span> 
     </span>
     <span class='ocr_line' id='line_1_12' title="bbox 244 1446 714 1510; baseline -0.006 0"><span class='ocrx_word' id='word_1_75' title='bbox 244 1450 428 1510; x_wconf 91' lang='lat' dir='ltr'>modo</span> <span class='ocrx_word' id='word_1_76' title='bbox 460 1449 668 1508; x_wconf 91' lang='lat' dir='ltr'>affines</span> <span class='ocrx_word' id='word_1_77' title='bbox 694 1446 714 1507; x_wconf 88' lang='lat'>?</span> 
     </span>
    </p>

    <p class='ocr_par' dir='ltr' id='par_1_5' title="bbox 246 1538 1990 1699">
     <span class='ocr_line' id='line_1_13' title="bbox 330 1538 1990 1605; baseline -0.003 -1"><span class='ocrx_word' id='word_1_78' title='bbox 330 1545 412 1604; x_wconf 92' lang='lat' dir='ltr'>B.</span> <span class='ocrx_word' id='word_1_79' title='bbox 459 1544 622 1605; x_wconf 75' lang='lat' dir='ltr'>Quia</span> <span class='ocrx_word' id='word_1_80' title='bbox 668 1543 886 1602; x_wconf 85' lang='lat' dir='ltr'>fractio</span> <span class='ocrx_word' id='word_1_81' title='bbox 933 1541 1236 1602; x_wconf 89' lang='lat' dir='ltr'>rationem</span> <span class='ocrx_word' id='word_1_82' title='bbox 1279 1539 1514 1600; x_wconf 87' lang='lat' dir='ltr'>indicat</span> <span class='ocrx_word' id='word_1_83' title='bbox 1557 1538 1871 1599; x_wconf 89' lang='lat' dir='ltr'>dividendi</span> <span class='ocrx_word' id='word_1_84' title='bbox 1913 1539 1990 1599; x_wconf 88' lang='lat' dir='ltr'>ad</span> 
     </span>
     <span class='ocr_line' id='line_1_14' title="bbox 246 1639 592 1699; baseline 0 -1"><span class='ocrx_word' id='word_1_85' title='bbox 246 1639 592 1699; x_wconf 85' lang='lat' dir='ltr'>divisorem.</span> 
     </span>
    </p>

    <p class='ocr_par' dir='ltr' id='par_1_6' title="bbox 242 1730 1996 2849">
     <span class='ocr_line' id='line_1_15' title="bbox 330 1730 1993 1812; baseline -0.003 -18"><span class='ocrx_word' id='word_1_86' title='bbox 330 1734 413 1794; x_wconf 88' lang='lat' dir='ltr'>A.</span> <span class='ocrx_word' id='word_1_87' title='bbox 461 1732 869 1812; x_wconf 83' lang='lat' dir='ltr'>Horologium</span> <span class='ocrx_word' id='word_1_88' title='bbox 898 1731 1133 1791; x_wconf 85' lang='lat' dir='ltr'>indicat</span> <span class='ocrx_word' id='word_1_89' title='bbox 1162 1731 1398 1790; x_wconf 87' lang='lat' dir='ltr'>horam.</span> <span class='ocrx_word' id='word_1_90' title='bbox 1435 1741 1442 1747; x_wconf 86' lang='lat'><strong><em>‘</em></strong></span> <span class='ocrx_word' id='word_1_91' title='bbox 1468 1730 1676 1791; x_wconf 73' lang='lat' dir='ltr'>Quare</span> <span class='ocrx_word' id='word_1_92' title='bbox 1696 1750 1843 1810; x_wconf 87' lang='lat' dir='ltr'>ergo</span> <span class='ocrx_word' id='word_1_93' title='bbox 1867 1750 1993 1790; x_wconf 91' lang='lat' dir='ltr'>non</span> 
     </span>
     <span class='ocr_line' id='line_1_16' title="bbox 247 1825 1993 1906; baseline -0.002 -18"><span class='ocrx_word' id='word_1_94' title='bbox 247 1837 342 1889; x_wconf 91' lang='lat' dir='ltr'>est</span> <span class='ocrx_word' id='word_1_95' title='bbox 398 1827 704 1906; x_wconf 85' lang='lat' dir='ltr'>horologii</span> <span class='ocrx_word' id='word_1_96' title='bbox 751 1835 814 1886; x_wconf 86' lang='lat' dir='ltr'>et</span> <span class='ocrx_word' id='word_1_97' title='bbox 869 1826 1038 1885; x_wconf 84' lang='lat' dir='ltr'>horae</span> <span class='ocrx_word' id='word_1_98' title='bbox 1091 1826 1189 1885; x_wconf 88' lang='lat' dir='ltr'>vel</span> <span class='ocrx_word' id='word_1_99' title='bbox 1241 1825 1555 1899; x_wconf 84' lang='lat' dir='ltr'>identitas,</span> <span class='ocrx_word' id='word_1_100' title='bbox 1620 1826 1718 1885; x_wconf 90' lang='lat' dir='ltr'>vel</span> <span class='ocrx_word' id='word_1_101' title='bbox 1775 1825 1993 1885; x_wconf 87' lang='lat' dir='ltr'>saltem</span> 
     </span>
     <span class='ocr_line' id='line_1_17' title="bbox 242 1921 1993 1983; baseline -0.002 0"><span class='ocrx_word' id='word_1_102' title='bbox 242 1923 507 1983; x_wconf 85' lang='lat' dir='ltr'>maxima</span> <span class='ocrx_word' id='word_1_103' title='bbox 535 1921 842 1982; x_wconf 84' lang='lat' dir='ltr'>affinitas?</span> <span class='ocrx_word' id='word_1_104' title='bbox 930 1921 1075 1981; x_wconf 92' lang='lat' dir='ltr'>Non</span> <span class='ocrx_word' id='word_1_105' title='bbox 1120 1922 1208 1981; x_wconf 88' lang='lat' dir='ltr'>ita</span> <span class='ocrx_word' id='word_1_106' title='bbox 1248 1921 1605 1981; x_wconf 89' lang='lat' dir='ltr'>ratiocinari</span> <span class='ocrx_word' id='word_1_107' title='bbox 1634 1921 1835 1981; x_wconf 85' lang='lat' dir='ltr'>solent</span> <span class='ocrx_word' id='word_1_108' title='bbox 1864 1940 1993 1979; x_wconf 91' lang='lat' dir='ltr'>ma-</span> 
     </span>
     <span class='ocr_line' id='line_1_18' title="bbox 243 2014 1996 2096; baseline -0.002 -18"><span class='ocrx_word' id='word_1_109' title='bbox 243 2017 577 2078; x_wconf 87' lang='lat' dir='ltr'>thematici.</span> <span class='ocrx_word' id='word_1_110' title='bbox 665 2017 854 2076; x_wconf 93' lang='lat' dir='ltr'>Porro</span> <span class='ocrx_word' id='word_1_111' title='bbox 882 2016 1036 2089; x_wconf 81' lang='lat' dir='ltr'>haec,</span> <span class='ocrx_word' id='word_1_112' title='bbox 1058 2015 1292 2096; x_wconf 76' lang='lat' dir='ltr'>quippe</span> <span class='ocrx_word' id='word_1_113' title='bbox 1320 2014 1415 2075; x_wconf 76' lang='lat' dir='ltr'>nil</span> <span class='ocrx_word' id='word_1_114' title='bbox 1438 2015 1616 2075; x_wconf 80' lang='lat' dir='ltr'>aliud</span> <span class='ocrx_word' id='word_1_115' title='bbox 1641 2024 1782 2075; x_wconf 73' lang='lat' dir='ltr'>sunt</span> <span class='ocrx_word' id='word_1_116' title='bbox 1804 2015 1996 2096; x_wconf 76' lang='lat' dir='ltr'>frac-</span> 
     </span>
     <span class='ocr_line' id='line_1_19' title="bbox 245 2111 1994 2193; baseline -0.001 -21"><span class='ocrx_word' id='word_1_117' title='bbox 245 2112 442 2173; x_wconf 77' lang='lat' dir='ltr'>tiones</span> <span class='ocrx_word' id='word_1_118' title='bbox 470 2133 654 2193; x_wconf 82' lang='lat' dir='ltr'>quam</span> <span class='ocrx_word' id='word_1_119' title='bbox 683 2111 995 2171; x_wconf 79' lang='lat' dir='ltr'>ratio-num</span> <span class='ocrx_word' id='word_1_120' title='bbox 1021 2111 1531 2185; x_wconf 75' lang='lat' dir='ltr'>denominatoreS‚</span> <span class='ocrx_word' id='word_1_121' title='bbox 1553 2121 1842 2171; x_wconf 90' lang='lat' dir='ltr'>accurata</span> <span class='ocrx_word' id='word_1_122' title='bbox 1869 2131 1994 2171; x_wconf 92' lang='lat' dir='ltr'>non</span> 
     </span>
     <span class='ocr_line' id='line_1_20' title="bbox 245 2206 1995 2268; baseline -0.001 -1"><span class='ocrx_word' id='word_1_123' title='bbox 245 2217 407 2268; x_wconf 90' lang='lat' dir='ltr'>sunt.</span> <span class='ocrx_word' id='word_1_124' title='bbox 496 2209 656 2268; x_wconf 90' lang='lat' dir='ltr'>Nam</span> <span class='ocrx_word' id='word_1_125' title='bbox 702 2207 920 2266; x_wconf 85' lang='lat' dir='ltr'>fractio</span> <span class='ocrx_word' id='word_1_126' title='bbox 975 2206 1329 2266; x_wconf 83' lang='lat' dir='ltr'>denominat</span> <span class='ocrx_word' id='word_1_127' title='bbox 1371 2227 1696 2267; x_wconf 86' lang='lat' dir='ltr'>numerum</span> <span class='ocrx_word' id='word_1_128' title='bbox 1756 2215 1995 2267; x_wconf 88' lang='lat' dir='ltr'>certum</span> 
     </span>
     <span class='ocr_line' id='line_1_21' title="bbox 245 2301 1992 2382; baseline 0 -21"><span class='ocrx_word' id='word_1_129' title='bbox 245 2311 551 2362; x_wconf 88' lang='lat' dir='ltr'>certarum</span> <span class='ocrx_word' id='word_1_130' title='bbox 582 2302 870 2381; x_wconf 84' lang='lat' dir='ltr'>partium,</span> <span class='ocrx_word' id='word_1_131' title='bbox 903 2311 972 2361; x_wconf 92' lang='lat' dir='ltr'>ut</span> <span class='ocrx_word' id='word_1_132' title='bbox 1002 2303 1054 2372; x_wconf 63' lang='grc' dir='ltr'>ἓ,</span> <span class='ocrx_word' id='word_1_133' title='bbox 1085 2301 1150 2360; x_wconf 91' lang='lat' dir='ltr'>id</span> <span class='ocrx_word' id='word_1_134' title='bbox 1174 2311 1283 2374; x_wconf 84' lang='lat' dir='ltr'>est,</span> <span class='ocrx_word' id='word_1_135' title='bbox 1314 2310 1439 2362; x_wconf 93' lang='lat' dir='ltr'>tres</span> <span class='ocrx_word' id='word_1_136' title='bbox 1468 2310 1674 2382; x_wconf 88' lang='lat' dir='ltr'>partes</span> <span class='ocrx_word' id='word_1_137' title='bbox 1707 2311 1992 2382; x_wconf 83' lang='lat' dir='ltr'>quartas3</span> 
     </span>
     <span class='ocr_line' id='line_1_22' title="bbox 247 2397 1993 2476; baseline -0.001 -19"><span class='ocrx_word' id='word_1_138' title='bbox 247 2397 352 2476; x_wconf 92' lang='lat' dir='ltr'>qui</span> <span class='ocrx_word' id='word_1_139' title='bbox 380 2417 670 2457; x_wconf 90' lang='lat' dir='ltr'>numerus</span> <span class='ocrx_word' id='word_1_140' title='bbox 714 2407 806 2457; x_wconf 88' lang='lat' dir='ltr'>est</span> <span class='ocrx_word' id='word_1_141' title='bbox 846 2398 1193 2457; x_wconf 89' lang='lat' dir='ltr'>absolutus:</span> <span class='ocrx_word' id='word_1_142' title='bbox 1240 2397 1397 2456; x_wconf 91' lang='lat' dir='ltr'>ratio</span> <span class='ocrx_word' id='word_1_143' title='bbox 1445 2407 1653 2456; x_wconf 77' lang='lat' dir='ltr'>autem</span> <span class='ocrx_word' id='word_1_144' title='bbox 1684 2397 1993 2476; x_wconf 88' lang='lat' dir='ltr'>quantitas</span> 
     </span>
     <span class='ocr_line' id='line_1_23' title="bbox 246 2492 1992 2571; baseline -0.001 -19"><span class='ocrx_word' id='word_1_145' title='bbox 246 2501 340 2552; x_wconf 88' lang='lat' dir='ltr'>est</span> <span class='ocrx_word' id='word_1_146' title='bbox 394 2513 520 2552; x_wconf 91' lang='lat' dir='ltr'>non</span> <span class='ocrx_word' id='word_1_147' title='bbox 579 2492 879 2566; x_wconf 84' lang='lat' dir='ltr'>absoluta,</span> <span class='ocrx_word' id='word_1_148' title='bbox 935 2492 1045 2552; x_wconf 87' lang='lat' dir='ltr'>sed</span> <span class='ocrx_word' id='word_1_149' title='bbox 1103 2492 1537 2571; x_wconf 88' lang='lat' dir='ltr'>comparativa.</span> <span class='ocrx_word' id='word_1_150' title='bbox 1642 2493 1785 2552; x_wconf 93' lang='lat' dir='ltr'>Non</span> <span class='ocrx_word' id='word_1_151' title='bbox 1845 2512 1992 2571; x_wconf 85' lang='lat' dir='ltr'>ergo</span> 
     </span>
     <span class='ocr_line' id='line_1_24' title="bbox 247 2582 1994 2666; baseline 0.001 -20"><span class='ocrx_word' id='word_1_152' title='bbox 247 2586 602 2647; x_wconf 91' lang='lat' dir='ltr'>denominat</span> <span class='ocrx_word' id='word_1_153' title='bbox 629 2587 850 2647; x_wconf 86' lang='lat' dir='ltr'>fractio</span> <span class='ocrx_word' id='word_1_154' title='bbox 881 2582 1202 2657; x_wconf 83' lang='lat' dir='ltr'>rationem,</span> <span class='ocrx_word' id='word_1_155' title='bbox 1241 2587 1349 2646; x_wconf 90' lang='lat' dir='ltr'>sed</span> <span class='ocrx_word' id='word_1_156' title='bbox 1380 2587 1652 2647; x_wconf 84' lang='lat' dir='ltr'>ostendit</span> <span class='ocrx_word' id='word_1_157' title='bbox 1682 2588 1994 2666; x_wconf 87' lang='lat' dir='ltr'>quantita-</span> 
     </span>
     <span class='ocr_line' id='line_1_25' title="bbox 246 2682 1992 2762; baseline 0 -21"><span class='ocrx_word' id='word_1_158' title='bbox 246 2690 371 2741; x_wconf 89' lang='lat' dir='ltr'>tem</span> <span class='ocrx_word' id='word_1_159' title='bbox 400 2683 637 2742; x_wconf 87' lang='lat' dir='ltr'>numeri</span> <span class='ocrx_word' id='word_1_160' title='bbox 668 2683 952 2756; x_wconf 79' lang='lat' dir='ltr'>absoluti,</span> <span class='ocrx_word' id='word_1_161' title='bbox 984 2692 1054 2741; x_wconf 90' lang='lat' dir='ltr'>ut</span> <span class='ocrx_word' id='word_1_162' title='bbox 1086 2690 1143 2752; x_wconf 85' lang='lat'>3,</span> <span class='ocrx_word' id='word_1_163' title='bbox 1175 2682 1514 2762; x_wconf 87' lang='lat' dir='ltr'>comparati</span> <span class='ocrx_word' id='word_1_164' title='bbox 1558 2703 1699 2742; x_wconf 89' lang='lat' dir='ltr'>cum</span> <span class='ocrx_word' id='word_1_165' title='bbox 1735 2702 1992 2743; x_wconf 93' lang='lat' dir='ltr'>numero</span> 
     </span>
     <span class='ocr_line' id='line_1_26' title="bbox 249 2776 738 2849; baseline 0.002 -14"><span class='ocrx_word' id='word_1_166' title='bbox 249 2776 544 2849; x_wconf 83' lang='lat' dir='ltr'>absolutO,</span> <span class='ocrx_word' id='word_1_167' title='bbox 580 2786 651 2836; x_wconf 89' lang='lat' dir='ltr'>ut</span> <span class='ocrx_word' id='word_1_168' title='bbox 680 2786 738 2836; x_wconf 90' lang='lat'>4.</span> 
     </span>
    </p>

    <p class='ocr_par' dir='ltr' id='par_1_7' title="bbox 250 2870 1994 3332">
     <span class='ocr_line' id='line_1_27' title="bbox 335 2870 1992 2953; baseline 0.002 -24"><span class='ocrx_word' id='word_1_169' title='bbox 335 2870 416 2929; x_wconf 86' lang='lat' dir='ltr'>B.</span> <span class='ocrx_word' id='word_1_170' title='bbox 461 2871 605 2931; x_wconf 92' lang='lat' dir='ltr'>Non</span> <span class='ocrx_word' id='word_1_171' title='bbox 654 2872 832 2932; x_wconf 90' lang='lat' dir='ltr'>video</span> <span class='ocrx_word' id='word_1_172' title='bbox 892 2873 1199 2952; x_wconf 92' lang='lat' dir='ltr'>quomodo</span> <span class='ocrx_word' id='word_1_173' title='bbox 1258 2873 1392 2933; x_wconf 83' lang='lat' dir='ltr'>haec</span> <span class='ocrx_word' id='word_1_174' title='bbox 1443 2873 1658 2952; x_wconf 84' lang='lat' dir='ltr'>negari</span> <span class='ocrx_word' id='word_1_175' title='bbox 1713 2880 1992 2953; x_wconf 89' lang='lat' dir='ltr'>possunt.</span> 
     </span>
     <span class='ocr_line' id='line_1_28' title="bbox 250 2965 1990 3047; baseline 0.001 -24"><span class='ocrx_word' id='word_1_176' title='bbox 250 2965 466 3042; x_wconf 86' lang='lat' dir='ltr'>Neque</span> <span class='ocrx_word' id='word_1_177' title='bbox 497 2965 816 3044; x_wconf 89' lang='lat' dir='ltr'>quicquam</span> <span class='ocrx_word' id='word_1_178' title='bbox 850 2967 1023 3026; x_wconf 90' lang='lat' dir='ltr'>illum</span> <span class='ocrx_word' id='word_1_179' title='bbox 1059 2968 1236 3045; x_wconf 86' lang='lat' dir='ltr'>juvat</span> <span class='ocrx_word' id='word_1_180' title='bbox 1268 2967 1433 3046; x_wconf 89' lang='lat' dir='ltr'>quod</span> <span class='ocrx_word' id='word_1_181' title='bbox 1466 2967 1754 3047; x_wconf 91' lang='lat' dir='ltr'>deinceps</span> <span class='ocrx_word' id='word_1_182' title='bbox 1784 2967 1990 3040; x_wconf 82' lang='lat' dir='ltr'>habet,</span> 
     </span>
     <span class='ocr_line' id='line_1_29' title="bbox 250 3059 1992 3142; baseline 0 -24"><span class='ocrx_word' id='word_1_183' title='bbox 250 3059 559 3133; x_wconf 87' lang='lat' dir='ltr'>nimirum,</span> <span class='ocrx_word' id='word_1_184' title='bbox 601 3061 769 3139; x_wconf 80' lang='lat' dir='ltr'>quod</span> <span class='ocrx_word' id='word_1_185' title='bbox 796 3061 1018 3121; x_wconf 79' lang='lat' dir='ltr'>Aurea</span> <span class='ocrx_word' id='word_1_186' title='bbox 1063 3061 1315 3142; x_wconf 80' lang='lat' dir='ltr'>Regula</span> <span class='ocrx_word' id='word_1_187' title='bbox 1362 3062 1668 3122; x_wconf 78' lang='lat' dir='ltr'>rationum</span> <span class='ocrx_word' id='word_1_188' title='bbox 1712 3061 1992 3122; x_wconf 71' lang='lat' dir='ltr'>rationes</span> 
     </span>
     <span class='ocr_line' id='line_1_30' title="bbox 251 3156 1994 3239; baseline 0.001 -28"><span class='ocrx_word' id='word_1_189' title='bbox 251 3161 573 3233; x_wconf 77' lang='lat' dir='ltr'>comparat</span> <span class='ocrx_word' id='word_1_190' title='bbox 592 3176 615 3222; x_wconf 88' lang='lat'>,·</span> <span class='ocrx_word' id='word_1_191' title='bbox 663 3163 724 3213; x_wconf 90' lang='lat' dir='ltr'>et</span> <span class='ocrx_word' id='word_1_192' title='bbox 753 3156 919 3235; x_wconf 80' lang='lat' dir='ltr'>quod</span> <span class='ocrx_word' id='word_1_193' title='bbox 943 3177 1099 3239; x_wconf 75' lang='lat' dir='ltr'>opus</span> <span class='ocrx_word' id='word_1_194' title='bbox 1129 3157 1216 3215; x_wconf 73' lang='lat' dir='ltr'>sit</span> <span class='ocrx_word' id='word_1_195' title='bbox 1243 3157 1623 3216; x_wconf 81' lang='lat' dir='ltr'>arithmetici</span> <span class='ocrx_word' id='word_1_196' title='bbox 1650 3179 1769 3217; x_wconf 79' lang='lat' dir='ltr'>non</span> <span class='ocrx_word' id='word_1_197' title='bbox 1799 3157 1994 3215; x_wconf 73' lang='lat' dir='ltr'>minus</span> 
     </span>
     <span class='ocr_line' id='line_1_31' title="bbox 253 3248 1947 3332; baseline 0.002 -27"><span class='ocrx_word' id='word_1_198' title='bbox 253 3248 576 3319; x_wconf 79' lang='lat' dir='ltr'>rationum,</span> <span class='ocrx_word' id='word_1_199' title='bbox 606 3269 781 3327; x_wconf 78' lang='lat' dir='ltr'>quam</span> <span class='ocrx_word' id='word_1_200' title='bbox 809 3271 1186 3310; x_wconf 79' lang='lat' dir='ltr'>numerorum</span> <span class='ocrx_word' id='word_1_201' title='bbox 1218 3251 1494 3310; x_wconf 72' lang='lat' dir='ltr'>rationes</span> <span class='ocrx_word' id='word_1_202' title='bbox 1524 3250 1947 3332; x_wconf 66' lang='lat' dir='ltr'>contemplari.</span> 
     </span>
    </p>

    <p class='ocr_par' dir='ltr' id='par_1_8' title="bbox 251 3341 1991 3706">
     <span class='ocr_line' id='line_1_32' title="bbox 338 3341 1991 3420; baseline 0.001 -20"><span class='ocrx_word' id='word_1_203' title='bbox 338 3342 418 3401; x_wconf 84' lang='lat' dir='ltr'>A.</span> <span class='ocrx_word' id='word_1_204' title='bbox 468 3341 668 3420; x_wconf 83' lang='lat' dir='ltr'>Caput</span> <span class='ocrx_word' id='word_1_205' title='bbox 693 3343 820 3403; x_wconf 84' lang='lat' dir='ltr'>xlii.</span> <span class='ocrx_word' id='word_1_206' title='bbox 865 3356 957 3405; x_wconf 86' lang='lat' dir='ltr'>est</span> <span class='ocrx_word' id='word_1_207' title='bbox 997 3346 1072 3405; x_wconf 93' lang='lat' dir='ltr'>de</span> <span class='ocrx_word' id='word_1_208' title='bbox 1120 3346 1434 3405; x_wconf 90' lang='lat' dir='ltr'>additione</span> <span class='ocrx_word' id='word_1_209' title='bbox 1482 3356 1543 3406; x_wconf 89' lang='lat' dir='ltr'>et</span> <span class='ocrx_word' id='word_1_210' title='bbox 1589 3346 1991 3405; x_wconf 88' lang='lat' dir='ltr'>subductione</span> 
     </span>
     <span class='ocr_line' id='line_1_33' title="bbox 251 3435 1990 3499; baseline 0.001 -5"><span class='ocrx_word' id='word_1_211' title='bbox 251 3435 639 3495; x_wconf 86' lang='lat' dir='ltr'>fractionum.</span> <span class='ocrx_word' id='word_1_212' title='bbox 729 3437 912 3497; x_wconf 76' lang='lat' dir='ltr'>Quod</span> <span class='ocrx_word' id='word_1_213' title='bbox 948 3439 1022 3498; x_wconf 94' lang='lat' dir='ltr'>de</span> <span class='ocrx_word' id='word_1_214' title='bbox 1069 3439 1383 3498; x_wconf 91' lang='lat' dir='ltr'>additione</span> <span class='ocrx_word' id='word_1_215' title='bbox 1415 3439 1563 3499; x_wconf 89' lang='lat' dir='ltr'>dicit</span> <span class='ocrx_word' id='word_1_216' title='bbox 1594 3460 1803 3499; x_wconf 89' lang='lat' dir='ltr'>earum</span> <span class='ocrx_word' id='word_1_217' title='bbox 1832 3439 1990 3497; x_wconf 81' lang='lat' dir='ltr'>frac-</span> 
     </span>
     <span class='ocr_line' id='line_1_34' title="bbox 252 3530 1988 3608; baseline 0.001 -20"><span class='ocrx_word' id='word_1_218' title='bbox 252 3530 508 3603; x_wconf 82' lang='lat' dir='ltr'>tionum,</span> <span class='ocrx_word' id='word_1_219' title='bbox 541 3549 796 3608; x_wconf 86' lang='lat' dir='ltr'>quarum</span> <span class='ocrx_word' id='word_1_220' title='bbox 824 3532 988 3592; x_wconf 90' lang='lat' dir='ltr'>idem</span> <span class='ocrx_word' id='word_1_221' title='bbox 1018 3533 1445 3593; x_wconf 89' lang='lat' dir='ltr'>denominator</span> <span class='ocrx_word' id='word_1_222' title='bbox 1475 3546 1586 3608; x_wconf 83' lang='lat' dir='ltr'>est,</span> <span class='ocrx_word' id='word_1_223' title='bbox 1617 3554 1828 3593; x_wconf 87' lang='lat' dir='ltr'>verum</span> <span class='ocrx_word' id='word_1_224' title='bbox 1861 3540 1988 3590; x_wconf 86' lang='lat' dir='ltr'>est:</span> 
     </span>
     <span class='ocr_line' id='line_1_35' title="bbox 253 3624 1988 3706; baseline 0.001 -22"><span class='ocrx_word' id='word_1_225' title='bbox 253 3634 318 3684; x_wconf 89' lang='lat' dir='ltr'>et</span> <span class='ocrx_word' id='word_1_226' title='bbox 348 3624 593 3705; x_wconf 89' lang='lat' dir='ltr'>quidem</span> <span class='ocrx_word' id='word_1_227' title='bbox 624 3625 1109 3688; x_wconf 86' lang='lat' dir='ltr'>demonstratum</span> <span class='ocrx_word' id='word_1_228' title='bbox 1134 3638 1314 3703; x_wconf 77' lang='lat' dir='ltr'>esset,</span> <span class='ocrx_word' id='word_1_229' title='bbox 1338 3630 1455 3689; x_wconf 91' lang='lat' dir='ltr'>nisi</span> <span class='ocrx_word' id='word_1_230' title='bbox 1480 3629 1747 3688; x_wconf 89' lang='lat' dir='ltr'>medium</span> <span class='ocrx_word' id='word_1_231' title='bbox 1768 3628 1988 3706; x_wconf 81' lang='lat' dir='ltr'>ipsum,</span> 
     </span>
    </p>
   </div>
   <div class='ocr_carea' id='block_1_3' title="bbox 2049 519 2302 553">
    <p class='ocr_par' dir='ltr' id='par_1_9' title="bbox 2049 519 2302 553">
     <span class='ocr_line' id='line_1_36' title="bbox 2049 519 2302 553; baseline -0.008 0"><span class='ocrx_word' id='word_1_232' title='bbox 2049 519 2302 553; x_wconf 82' lang='lat' dir='ltr'>DIALOGUS</span> 
     </span>
    </p>
   </div>
   <div class='ocr_carea' id='block_1_4' title="bbox 2050 588 2290 673">
    <p class='ocr_par' dir='ltr' id='par_1_10' title="bbox 2050 588 2290 673">
     <span class='ocr_line' id='line_1_37' title="bbox 2139 588 2206 619; baseline 0 0"><span class='ocrx_word' id='word_1_233' title='bbox 2139 588 2206 619; x_wconf 86' lang='lat' dir='ltr'>IV.</span> 
     </span>
     <span class='ocr_line' id='line_1_38' title="bbox 2050 643 2290 673; baseline -0.004 -9"><span class='ocrx_word' id='word_1_234' title='bbox 2050 643 2290 673; x_wconf 47' lang='grc' dir='ltr'>κφὛ--κ</span> 
     </span>
    </p>
   </div>
  </div>
 </body>
</html>
