2462 4120
546 360 1255 405 PROPORTIONALIBUS
1291 359 1366 401 IN
1404 361 1709 403 GENERE.
1876 349 1990 412 471

257 505 441 566 rectis
473 505 589 577 BS,
612 503 742 576 RY,
767 502 897 574 XL,
922 501 1045 574 ΜΙ,
1077 500 1236 560 sicut
1276 508 1337 560 et
1381 501 1462 560 IE
1487 503 1778 581 parallela
1816 505 1999 564 rectis
2056 522 2331 557 APPEme·

257 602 391 672 DR,
414 600 538 672 SX,
560 599 707 671 YM,
730 598 860 657 LK.
2071 582 2310 608 *Y*

339 695 450 754 Est
480 713 625 772 ergo
657 690 1139 771 quadrilaterum
1169 689 1407 748 ImKnI
1433 690 1744 751 rhombuS.
1795 694 2001 753 Quare

260 790 384 863 BT,
410 788 534 862 RZ,
562 787 690 860 Xd,
716 787 863 858 Mm,
891 786 990 845 Kn
1012 793 1152 844 sunt
1176 784 1467 844 continue
1489 787 2000 863 proportionales:

259 892 320 943 et
338 893 591 962 propter
614 881 907 961 angulum
932 879 1109 952 ΒΑΕ,
1131 877 1325 951 RAY,
1349 877 1541 951 XAL,
1562 879 1720 939 MAI
1745 881 2004 940 divisum

258 979 336 1039 ab
367 977 488 1037 AN
518 977 821 1050 bifariam,
853 984 1034 1035 erunt
1069 974 1206 1052 (per
1238 973 1415 1032 Eucl.
1446 973 1527 1032 vi.
1561 974 1624 1047 3)
1655 984 1840 1034 rectae
1871 974 2005 1046 AB,

257 1073 392 1146 AR,
419 1071 558 1146 AX,
575 1071 720 1144 AM,
746 1070 1024 1144 AK,AE,
1051 1069 1207 1128 sicut
1232 1076 1294 1127 et
1322 1068 1458 1141 AD,
1478 1068 1600 1141 As,
1616 1069 1743 1142 AY,
1761 1069 1883 1141 AL,
1898 1070 2004 1142 AI,

258 1169 364 1227 AF
422 1167 715 1227 continue
766 1163 1280 1245 proportionales,
1371 1161 1591 1241 Itaque
1649 1163 1810 1222 inter
1857 1162 2006 1222 duas

258 1263 390 1334 AB,
409 1262 522 1322 AV
553 1261 748 1334 dataS,
779 1261 1048 1320 inventae
1094 1268 1238 1318 sunt
1286 1266 1549 1338 quatuor
1601 1258 1840 1329 mediae,
1871 1258 2005 1331 AR,

259 1357 400 1430 AX,
422 1356 571 1426 AM,
595 1357 732 1428 ΑΚ,
755 1355 883 1414 sive
913 1354 1035 1427 AS,
1061 1353 1192 1428 AY,
1213 1352 1342 1427 AL,
1368 1353 1476 1413 AI.

343 1451 444 1510 Ad
471 1450 812 1510 mediarum
831 1470 1156 1509 numerum
1180 1468 1423 1508 omnem
1455 1448 2008 1508 demonstrationes

261 1546 569 1625 applicare
632 1545 903 1624 singulas
957 1544 1332 1624 impossibile
1385 1553 1496 1604 est.
1608 1543 2009 1603 Manifestum

262 1651 469 1701 autem
499 1649 611 1712 est,
644 1639 827 1718 quod,
861 1639 911 1698 si
956 1659 1132 1699 arcus
1175 1639 1281 1698 BG
1325 1647 1567 1698 secetur
1610 1638 2008 1717 septifariam,

260 1735 522 1796 inveniri
552 1755 658 1794 sex
687 1735 977 1794 rhombos
1007 1734 1201 1794 latera
1229 1734 1528 1793 habentes
1570 1733 1832 1793 totidem
1862 1753 2010 1791 con-

261 1831 433 1891 tinue
478 1829 983 1909 proportionalia,
1017 1838 1080 1887 et
1125 1839 1572 1907 consequenter
1602 1848 1708 1888 sex
1750 1827 2009 1895 medias3

262 1923 781 2005 quemadmodum
833 1943 907 1982 ex
955 1923 1312 1982 trisectione
1359 1924 1628 1982 inventae
1676 1932 1821 1981 sunt
1874 1921 2012 1981 duae

262 2021 501 2093 mediae,
523 2030 585 2079 et
610 2040 685 2079 ex
710 2019 1238 2099 quinquisectione
1262 2027 1524 2097 quatuor
1548 2018 1794 2086 mediae3
1826 2026 2011 2096 atque

262 2116 352 2175 ita
381 2116 446 2175 in
475 2115 785 2174 infinitum
815 2134 927 2193 pro
961 2113 1179 2173 mediis
1210 2133 1465 2171 numero
1496 2113 1765 2191 paribus,
1838 2111 2015 2170 Datis

263 2219 468 2270 autem
519 2210 791 2289 paribUS,
834 2208 1032 2267 omnis
1082 2207 1425 2267 mediarum
1474 2227 1766 2266 numerus
1817 2207 2016 2285 impar

262 2305 440 2366 facile
468 2303 802 2363 innotescit
830 2322 941 2382 per
972 2302 1381 2380 sumptionem
1407 2302 1570 2361 inter
1589 2301 1859 2380 singulas
1879 2320 2015 2379 pro-

264 2399 638 2479 portionales
671 2397 1052 2476 singularum
1082 2396 1444 2456 mediarum.
1491 2396 1844 2455 Invenimus
1866 2415 2013 2473 ergo

267 2493 624 2553 methodum
653 2492 1003 2571 generalem
1042 2491 1396 2550 inveniendi
1443 2492 1602 2550 inter
1633 2490 1784 2550 duas
1814 2499 2014 2548 rectas

268 2587 441 2648 datas
490 2586 721 2646 medias
773 2596 1168 2665 quotcunque
1225 2605 1335 2665 per
1393 2586 1729 2645 sectionem
1780 2584 2010 2663 anguli.

271 2682 595 2743 Quomodo
626 2690 832 2740 autem
855 2681 1115 2760 angulus
1139 2681 1205 2739 in
1223 2681 1463 2740 ratione
1484 2679 1631 2739 data
1650 2699 2013 2759 quacunque

269 2776 565 2836 secandus
596 2776 694 2848 sit,
726 2774 1045 2834 docuimus
1078 2795 1282 2854 supra,
1315 2775 1462 2854 Cap.
1487 2775 1635 2835 xxii.

355 2870 529 2940 Haec,
570 2889 919 2948 quanquam
961 2878 1130 2929 certa
1176 2880 1240 2929 et
1287 2869 1728 2943 demonstrata,
1770 2888 2016 2928 corrue-

270 2972 409 3023 rent
437 2975 664 3031 tamen‚
695 2963 745 3021 si
773 2984 986 3023 verum
1031 2975 1192 3024 esset
1223 2965 1388 3044 quod
1434 2965 1779 3043 algebristae
1818 2963 2016 3023 nostri

272 3058 506 3129 dicunt,
537 3055 808 3116 radicem
836 3059 1077 3117 numeri
1098 3060 1403 3138 quadrati,
1428 3069 1490 3119 et
1518 3061 1734 3138 figurae
1755 3059 2017 3137 quadra-

273 3164 355 3212 tae
383 3152 545 3210 latus
575 3150 741 3210 idem
765 3171 914 3211 esse.

355 3245 856 3306 Examinabimus
894 3248 1023 3326 jam
1068 3247 1306 3327 logicae,
1358 3269 1543 3328 quam
1587 3248 1675 3306 illi
1709 3247 2016 3326 jactitant,

276 3341 689 3401 severitatem.

357 3434 657 3494 Vitiosam
698 3452 830 3492 esse
870 3433 1043 3494 aiunt
1093 3435 1701 3508 demonstrationem,
1742 3434 1806 3493 in
1836 3453 2019 3512 quam

275 3551 397 3590 non
443 3528 791 3606 ingreditur
824 3549 1004 3587 omne
1047 3529 1112 3589 id
1156 3531 1322 3610 quod
1371 3530 1452 3590 ad
1501 3528 2021 3590 constructionem

277 3623 623 3685 assumitur.
710 3623 842 3701 Ego
892 3633 1124 3698 contra,
1172 3625 1755 3686 demonstrationem
1797 3623 1860 3681 in
1901 3642 2022 3700 qua
