2462 4120
488 339 610 391 456
720 352 809 392 DE
847 353 1232 397 PRINCIPIIS
1269 357 1352 398 ET
1385 356 1990 401 RATIocrNATioNE

153 509 437 543 cAP.xx111.
483 510 594 568 per
650 494 947 569 punctum
997 494 1060 553 P.
1161 495 1341 555 Unde
1393 496 1626 574 judicio
1685 518 1989 570 sensuum,
2042 499 2227 558 tertia

126 614 183 648 De
201 616 403 660 quantitate
484 605 624 662 pars
656 596 839 645 rectae
872 587 972 647 BP
1000 590 1246 666 aequalis
1277 590 1391 649 erit
1431 592 1631 651 tertiae
1661 594 1820 670 parti
1851 602 2036 652 rectae
2067 592 2223 652 BM:

124 669 470 766 {{⁰‡{,{2”}}{‘{{fff‚
486 688 546 738 et
574 680 831 757 proinde
862 690 994 741 tota
1025 683 1125 742 BP
1154 684 1404 762 aequalis
1435 686 1552 744 toti
1585 686 1724 743 ΒΜ.
2188 707 2191 709 ’

128 780 196 811 etc.
568 778 605 803 “
632 774 752 832 Sed
780 775 971 848 haec‚'’
1003 777 1259 856 inquies,
1293 782 1330 808 “
1354 799 1478 836 non
1517 799 1803 837 sensuum
1835 779 1941 838 sed
1970 779 2224 839 rationis

475 866 709 945 judicio
756 869 1222 930 determinanda
1267 872 1468 931 sunt.’'
1558 873 1750 932 Recte
1783 873 1973 932 dicis:
2016 873 2225 952 itaque

480 981 559 1020 ne
611 962 822 1022 videar
874 965 1263 1024 severitatem
1316 965 1775 1043 disciplinarum
1833 987 2224 1047 corrumpere

479 1056 654 1127 velle,
688 1057 1049 1116 conabimur
1079 1078 1209 1117 rem
1242 1059 1679 1118 demonstrare.

565 1151 636 1210 In
689 1151 925 1211 duobus
974 1153 1296 1231 triangulis
1350 1154 1668 1226 similibus,
1718 1154 1768 1213 si
1818 1154 1980 1214 latus
2033 1175 2224 1215 unum

478 1245 662 1323 primi
692 1248 888 1325 majus
923 1247 1020 1305 vel
1065 1248 1266 1307 minus
1314 1248 1502 1307 fuerit
1543 1268 1728 1326 quam
1758 1248 1920 1308 latus
1948 1249 2223 1308 homolo-

479 1361 626 1418 gum
686 1340 958 1413 secundi,
1008 1341 1194 1400 etiam
1245 1342 1483 1420 reliqua
1534 1342 1655 1401 duo
1699 1342 1894 1402 latera
1952 1342 2220 1421 ejusdem

478 1435 660 1512 primi
691 1436 926 1512 majora
955 1434 1052 1493 vel
1083 1435 1320 1494 minora
1371 1447 1553 1495 erunt
1594 1436 1842 1514 reliquis
1884 1436 2224 1515 homologis

479 1529 731 1588 secundi
759 1538 1089 1607 utrumque
1122 1539 1402 1607 utroque.
1491 1529 1564 1588 Id
1607 1528 1771 1608 quod
1812 1550 1923 1608 per
1967 1550 2031 1589 se
2077 1531 2224 1590 satis

477 1623 867 1682 manifestum
900 1634 1013 1682 est.

482 1766 485 1770 .
564 1718 872 1778 Quoniam
896 1729 989 1776 est
1020 1718 1082 1776 in
1114 1718 1436 1797 triangulis
1470 1719 1766 1778 similibus
1793 1718 1998 1791 BQM,
2021 1718 2222 1792 BMO,

475 1822 547 1871 ut
578 1812 693 1872 BQ
723 1811 800 1870 ad
832 1812 975 1884 ΒΜ,
1002 1812 1090 1871 ita
1121 1812 1243 1872 ΒΜ
1276 1813 1355 1872 ad
1377 1813 1503 1885 ΒΟ,
1531 1823 1710 1872 erunt
1741 1813 1875 1885 BQ,
1901 1812 1964 1871 id
1995 1821 2088 1871 est
2118 1813 2224 1883 Be,

478 1907 620 1979 ΒΜ,
655 1907 762 1966 ΒΟ
805 1907 1096 1966 continue
1143 1908 1676 1987 proportionales:
1723 1916 1784 1967 et
1825 1907 1984 1966 ratio
2017 1907 2104 1966 Be
2143 1907 2224 1967 ad

478 2002 585 2061 ΒΟ
621 2001 933 2080 duplicata
978 2002 1236 2061 rationis
1285 2004 1371 2062 Be
1406 2002 1485 2061 ad
1517 2001 1661 2074 ΒΜ,
1693 2002 1790 2061 vel
1830 2002 1951 2060 ΒΜ
1983 2000 2062 2060 ad
2092 2001 2220 2061 ΒΟ.

478 2096 600 2155 Sed
630 2107 700 2155 ut
731 2097 818 2154 Be
850 2096 928 2155 ad
962 2097 1105 2168 ΒΜ,
1137 2098 1224 2156 ita
1255 2108 1348 2157 est
1380 2099 1479 2157 BP
1502 2098 1579 2157 ad
1606 2098 1738 2156 BN.
1831 2098 2038 2158 Quare
2061 2097 2220 2155 ratio

478 2191 564 2249 Be
606 2191 684 2249 ad
727 2191 834 2250 ΒΟ
887 2191 1199 2269 duplicata
1246 2202 1339 2252 est
1390 2193 1642 2252 rationis
1685 2193 1784 2252 BP
1820 2192 1899 2251 ad
1945 2191 2078 2251 BN.
2165 2191 2223 2250 A

474 2294 707 2362 puncto
746 2286 791 2343 P
837 2286 1109 2363 erigatur
1151 2287 1232 2346 ad
1286 2287 1374 2346 Be
1416 2285 1960 2365 perpendicularis,
2009 2305 2221 2344 secans

478 2378 601 2437 ΒΜ
649 2378 1014 2456 productam
1060 2380 1448 2458 ubicunque:
1496 2400 1631 2458 quae
1676 2379 1906 2438 incidet
1937 2379 2031 2437 vel
2072 2379 2134 2437 in
2165 2399 2219 2450 e,

475 2473 572 2531 vel
625 2474 797 2544 citra,
837 2473 933 2531 vel
980 2473 1164 2546 ultra,
1202 2484 1264 2533 et
1317 2474 1636 2534 abscindet
1683 2495 1719 2533 a
1761 2473 2066 2552 producta
2096 2473 2219 2532 ΒΜ

474 2568 787 2645 majorem,
821 2567 917 2626 vel
961 2567 1277 2639 minorem,
1309 2590 1492 2647 quam
1533 2579 1625 2627 est
1671 2569 1803 2646 ipsa
1834 2567 1939 2626 Be.
2031 2567 2096 2626 Si
2125 2567 2219 2625 in-

476 2662 643 2721 cidat
672 2663 736 2720 in
766 2662 962 2740 ipsum
990 2675 1286 2740 punctum
1312 2684 1363 2732 e,
1385 2674 1566 2722 erunt
1595 2674 1780 2722 rectae
1806 2662 1913 2735 Be,
1939 2662 2057 2733 BP,
2083 2661 2218 2732 BN,

476 2757 767 2815 continue
833 2758 1343 2834 proportionales
1455 2758 1564 2817 Sin
1621 2757 1853 2816 incidat
1913 2757 2067 2816 citra
2122 2755 2220 2815 vel

476 2852 635 2911 ultra
664 2872 714 2922 e,
757 2851 872 2909 erit
918 2851 1074 2909 ratio
1113 2851 1428 2930 cujusdam
1474 2860 1660 2910 rectae
1700 2851 1948 2929 majoris
1977 2850 2074 2908 vel
2102 2849 2218 2908 mi-

475 2947 641 3004 noris
674 2965 855 3022 quam
878 2945 965 3004 Be
988 2946 1065 3004 ad
1094 2947 1208 3018 BP,
1236 2946 1544 3024 duplicata
1573 2946 1828 3004 rationis
1860 2945 1960 3004 BP
1983 2944 2062 3003 ad
2082 2944 2216 3015 BN,

477 3042 603 3099 sive
647 3040 767 3098 ΒΜ
815 3039 893 3097 ad
939 3040 1066 3099 ΒΟ.
1157 3041 1340 3101 Quod
1391 3050 1482 3099 est
1535 3039 1886 3111 absurdum,
1923 3059 2063 3098 cum
2110 3039 2215 3117 Be,

478 3135 621 3208 ΒΜ,
657 3134 783 3205 ΒΟ,
816 3134 938 3192 sint
969 3135 1258 3194 continue
1288 3135 1793 3213 proportionales,
1838 3164 1841 3166 ·
1884 3134 2040 3192 Sunt
2070 3152 2216 3210 ergo

476 3229 580 3303 Be,
617 3228 735 3300 BP,
770 3227 882 3286 BN
915 3229 1202 3287 continue
1250 3228 1757 3306 proportionales.
1850 3226 1971 3286 Sed
2001 3236 2070 3285 ut
2101 3226 2218 3287 BQ

474 3322 554 3381 ad
600 3323 718 3395 BP,
751 3322 837 3381 ita
881 3332 975 3380 est
1016 3323 1102 3380 Be
1146 3322 1225 3381 ad
1270 3323 1411 3382 ΒΜ.
1507 3323 1665 3381 Sunt
1704 3332 1909 3381 autem
1952 3321 2085 3393 BQ,
2127 3320 2217 3380 Be

474 3417 760 3495 aequales
851 3416 1058 3476 Quare
1119 3418 1302 3475 etiam
1363 3418 1481 3490 BP,
1543 3416 1667 3475 ΒΜ
1728 3425 1871 3475 sunt
1929 3413 2211 3492 aequales

479 3511 708 3570 Radius
739 3530 884 3588 ergo
916 3510 1128 3568 circuli
1158 3531 1279 3570 una
1308 3532 1446 3570 cum
1478 3520 1770 3589 tangente
1795 3517 1872 3570 30
1891 3509 2212 3588 graduum,

477 3605 727 3683 aequalis
759 3616 850 3665 est
881 3615 1067 3664 rectae
1114 3625 1249 3683 quae
1303 3605 1616 3666 subtendit
1657 3605 1948 3684 angulum
1978 3611 2214 3662 rectum
