2462 4120
519 370 628 423 184
870 384 1315 428 EXAMINATIO
1352 387 1437 427 ET
1469 387 1880 430 EMENDATIO

199 542 445 574 nmmous
512 519 810 579 rationem
859 522 1230 603 subtriplam
1283 525 1370 582 ita
1431 524 1709 584 continuo
1780 527 2103 601 minuatur,
2170 536 2240 587 nt

302 611 347 640 Χ.

202 667 432 693 ἓ-Υ-α

512 614 760 673 tandem
791 618 994 694 quovis
1029 617 1406 697 assignabili
1439 618 1633 676 minor
1662 620 1903 694 evadat,
1934 628 1999 679 ut
2015 628 2241 700 patet:

511 707 570 764 si
600 708 661 766 in
694 709 989 787 infinitum
1013 712 1421 792 procedatur,
1442 731 1715 790 prorsus
1742 715 2093 774 evanituras
2124 722 2236 773 est.

514 800 828 882 Adeoque,
874 806 930 863 Si
976 807 1136 884 (quae
1168 815 1260 864 est
1302 805 1633 883 propositio
1664 809 1791 882 xxi)
1840 817 2240 889 proponatur

511 896 705 954 series
742 897 980 976 infinita
1033 899 1443 978 quantitatum
1496 900 1558 958 in
1622 901 1947 981 duplicata
1994 903 2242 962 ratione

513 990 897 1052 arithmetice
963 992 1536 1073 proportionalium,
1607 995 1736 1054 Sive
1777 997 1968 1073 juxta
2019 996 2240 1055 seriem

512 1105 891 1144 numeroram
928 1086 1452 1165 quadraticorum‚
1501 1089 1778 1147 continue
1822 1090 2236 1162 crescentiam,

513 1199 552 1236 a
587 1188 824 1258 puncto
863 1179 992 1238 Sive
1021 1182 1057 1238 O
1089 1179 1511 1238 inchoatarum
1533 1203 1560 1248 ,·
1601 1182 1724 1240 erit
1754 1181 1864 1242 itta
1895 1183 1985 1243 ad
2018 1183 2241 1242 seriem

512 1273 764 1332 totidem
796 1273 1069 1331 maximoe
1099 1272 1437 1351 aequalium,
1471 1282 1538 1332 ut
1577 1282 1597 1333 l
1637 1275 1728 1334 ad
1767 1284 1825 1335 3.

593 1367 674 1426 B.
762 1367 1016 1426 Videtur
1047 1387 1190 1425 sane
1221 1387 1534 1427 excessum
1564 1369 1835 1441 rationiS,
1867 1370 1916 1428 si
1944 1379 2247 1448 perpetuo

513 1462 842 1533 minuatur,
870 1461 1089 1520 debere
1124 1460 1373 1519 tandem
1413 1482 1806 1530 evanescere;
1853 1463 2067 1522 saltem
2111 1473 2242 1523 tam

512 1557 796 1635 exiguum
844 1576 989 1627 esse,
1037 1564 1105 1614 ut
1154 1555 1375 1614 nullius
1421 1556 1671 1615 deberet
1716 1577 1846 1616 esse
1893 1558 2240 1617 considera-

511 1651 712 1710 tionis,
830 1652 1040 1729 Itaque
1097 1660 1389 1727 pereunte
1440 1671 1690 1710 excessu
1741 1653 1994 1712 rationis
2057 1673 2242 1732 supra

512 1745 890 1823 subtriplam,
922 1745 1298 1823 relinquetur
1327 1747 1576 1822 praecise
1609 1747 1920 1824 subtripla.

596 1839 675 1897 A.
722 1839 817 1897 Ita
874 1848 1056 1910 certe,
1113 1838 1228 1897 nisi
1284 1858 1407 1898 una
1457 1849 1802 1899 crescerent
1866 1840 2243 1919 quantitates

510 1954 899 2023 comparatae.
1000 1943 1156 2002 Vide
1214 1944 1429 2003 seriem
1487 1945 1747 2022 primam
1798 1932 1899 1983 ‘'ff—¹
2018 1945 2240 2004 Nonne

509 2043 801 2119 majorem
862 2042 1162 2101 rationem
1233 2043 1418 2101 habet
1469 2050 1507 2102 Ο
1539 2053 1586 2100 -Ι-
1614 2051 1635 2102 l
1687 2042 1765 2101 ad
1806 1997 1918 2102 ll÷-l-
1948 2051 1997 2115 Ι,
2057 2063 2240 2121 quam

519 2145 541 2194 1
569 2136 646 2194 ad
673 2144 729 2209 3,
760 2136 823 2194 id
853 2146 963 2206 est,
998 2156 1180 2214 quam
1210 2137 1367 2195 ratio
1399 2135 1735 2215 subtripla?

599 2231 674 2288 B.
721 2232 816 2289 Ita
847 2231 1111 2308 quidem,
1143 2230 1248 2289 sed
1292 2240 1378 2304 ut,
1411 2231 1620 2291 addita
1650 2231 1728 2291 ad
1769 2240 2245 2309 consequentem.

507 2326 765 2397 unitate,
797 2334 957 2384 esset
987 2326 1301 2404 subtripla.

1755 2419 1772 2443 0
1791 2417 1820 2445 ÷
1844 2419 1855 2443 l
1878 2416 1907 2446 4·
1929 2418 1944 2443 4

594 2431 673 2489 A.
723 2431 976 2502 Deinde,
998 2430 1135 2489 vide
1160 2431 1375 2489 seriem
1399 2430 1726 2489 secundam
1756 2482 1771 2506 4
1792 2481 1821 2509 ψ
1842 2483 1858 2507 4
1878 2481 1907 2510 ÷
1929 2477 1971 2506 4.
2018 2429 2242 2488 Nonne

511 2529 665 2587 ratio
699 2528 873 2586 seriei
912 2528 1240 2586 crescentis
1269 2535 1301 2586 5
1335 2528 1413 2586 ad
1450 2529 1665 2587 seriem
1706 2527 2106 2586 maximarum
2145 2534 2239 2598 12,

509 2624 703 2700 major
734 2633 826 2680 est
858 2641 1037 2699 quam
1070 2621 1365 2699 subtripla
1391 2621 1411 2679 ?

593 2718 672 2775 B.
718 2716 937 2775 Etiam.
1001 2717 1098 2774 Ita
1129 2736 1270 2774 vero
1301 2725 1388 2788 ut,
1421 2714 1627 2774 addito
1658 2714 1736 2773 ad
1766 2723 2243 2792 consequentem

510 2831 764 2870 numero
796 2818 853 2882 3,
884 2811 991 2868 fiat
1023 2809 1335 2886 subtripla.

595 2906 674 2964 A.
722 2904 1119 2963 Manifestum
1150 2922 1295 2982 ergo
1326 2911 1438 2974 est,
1470 2901 1519 2960 si
1549 2901 1918 2979 procedatur
1946 2901 2011 2959 in
2040 2900 2242 2960 infini-

510 3011 661 3070 tum,
693 3018 979 3064 numerus
1010 2997 1414 3055 crescentium
1445 2996 1638 3071 major
1669 2996 1785 3054 erit
1815 3015 2070 3054 numero
2101 2995 2242 3054 sub-

509 3094 694 3172 triplo
718 3092 1117 3150 maximarum
1139 3117 1153 3159 3
1185 3091 1420 3166 eritque
1441 3109 1721 3148 excessus
1745 3109 2030 3148 numerus
2050 3090 2246 3167 major

512 3209 693 3267 quam
722 3198 791 3245 ut
819 3185 1013 3265 possit
1043 3185 1182 3244 dici.
1270 3184 1535 3242 Tantum
1582 3184 1753 3243 abest
1793 3194 1861 3242 ut
1895 3182 2076 3242 series
2113 3202 2243 3240 cre-

513 3283 833 3350 scentium,
865 3279 1251 3358 quantumvis
1281 3278 1688 3356 procedend0‚
1720 3279 1913 3357 possit
1942 3297 2071 3337 esse
2101 3277 2241 3336 sub-

510 3378 694 3456 tripla
724 3376 901 3434 seriei
932 3374 1350 3432 maximarum.

597 3472 676 3531 B.
725 3470 910 3529 Error
940 3477 1031 3527 est
1061 3467 1604 3527 manifestissimus,

594 3565 669 3624 A.
718 3565 806 3623 Ex
855 3562 1268 3642 propositione
1320 3562 1431 3620 hac
1481 3561 1823 3640 dependent
1880 3580 2004 3619 non
2061 3559 2242 3618 modo

510 3682 719 3722 omnes
770 3668 1089 3738 sequentes
1137 3676 1326 3734 usque
1381 3656 1457 3715 ad
1508 3664 1604 3730 39,
1648 3656 1754 3715 sed
1802 3655 1982 3714 etiam
2035 3673 2243 3714 omnes
