2462 4120
874 396 1437 439 GEOMETRARUM.
1897 388 2011 441 421

274 534 730 614 magnitudine:
776 554 919 593 nam
951 535 1000 593 si
1041 554 1166 593 non
1210 544 1414 593 essent
1461 535 1882 615 aequiangulae,
1913 548 2020 598 aut
2092 560 2204 592 CAP·
2231 559 2322 591 ΧΗ.

273 649 398 690 non
428 629 727 688 haberent
756 628 951 687 latera
982 628 1145 687 circa
1181 629 1441 707 aequales
1473 630 1730 707 angulos
1761 651 2016 710 propor-
2085 616 2324 704 m

274 723 544 796 tionalia,
577 743 702 782 non
734 731 892 782 esset
922 722 1085 781 inter
1115 742 1216 781 eas
1246 722 1372 781 ulla
1400 724 1614 800 figurae
1659 725 2014 786 similitudo,
2092 722 2307 759 mmmm·

269 818 497 878 Eadem
530 838 676 895 ergo
709 828 802 876 est
842 818 1000 877 ratio
1032 818 1141 877 AB
1183 817 1262 876 ad
1303 818 1434 890 ΠΒ,
1467 838 1602 896 quae
1634 819 1740 877 CA
1770 820 1848 878 ad
1891 821 2014 881 DF.

272 913 394 972 Sed
423 921 490 972 ut
521 912 631 972 AB
662 911 741 971 ad
782 913 910 985 BD,
943 913 1032 971 ita
1063 922 1308 972 ostensa
1350 922 1444 971 est
1484 932 1615 971 esse
1649 913 1754 972 CA
1784 914 1860 972 ad
1892 915 2013 974 EC.

271 1009 429 1068 Sunt
479 1027 625 1086 ergo
673 1007 779 1066 DF
818 1016 880 1067 et
920 1007 1022 1067 EC
1051 1007 1357 1086 aequales:
1406 1015 1467 1066 et
1505 1006 1764 1085 proinde
1802 1008 2016 1084 (ducta

269 1103 404 1180 DE)
439 1103 749 1181 triangula
778 1103 963 1176 ΑΒΕ,
985 1103 1148 1162 ABC
1183 1113 1325 1163 sunt
1357 1101 1595 1161 similia.

357 1198 452 1258 Ad
511 1198 931 1257 definitionem
990 1198 1168 1270 hanc,
1220 1197 1673 1277 propositiones
1705 1196 1823 1255 illae
1875 1218 2011 1276 quae

271 1301 612 1372 sequuntur
657 1293 722 1351 in
773 1293 1094 1352 Elemento
1138 1293 1373 1371 quintO,
1417 1291 1492 1350 de
1538 1291 2010 1369 permutatione,

270 1387 689 1460 conversione,
738 1387 1181 1466 compositione
1230 1396 1370 1459 etc.,
1419 1387 1750 1458 rationum,
1801 1406 2012 1445 accur-

270 1492 450 1542 runt:
505 1492 567 1541 et
613 1482 692 1541 ad
730 1482 931 1541 lucem
977 1484 1107 1562 ejus
1148 1502 1360 1542 omnes
1404 1481 1532 1541 fere
1577 1501 1708 1541 sese
1763 1481 2014 1540 demon-

270 1585 487 1637 strant.
620 1577 891 1636 Euclidis
950 1588 1156 1637 autem
1210 1576 1766 1636 demonstrationes
1828 1575 2013 1654 duplo

271 1672 476 1751 plures
521 1681 683 1745 sunt,
735 1681 1061 1751 propterea
1107 1671 1270 1751 quod
1319 1671 1483 1730 idem
1540 1672 1605 1731 in
1663 1671 2014 1750 quantitate

271 1767 564 1826 continua
599 1767 853 1826 seorsim
882 1788 918 1826 a
948 1767 1216 1826 numeris
1248 1766 1628 1825 demonstrat
1656 1789 1669 1824 ε
1725 1774 1788 1825 et
1817 1766 2013 1825 multo

270 1861 578 1941 longiores
614 1881 797 1940 quam
846 1870 979 1920 erat
1022 1881 1289 1934 necesse,
1337 1871 1591 1940 propter
1638 1860 2025 1920 sterilitatem

271 1956 649 2016 definitionis
679 1956 955 2016 rationis.

356 2051 542 2111 “Sed
593 2051 801 2130 quid'’,
849 2051 1106 2132 inquieS‚
1156 2055 1368 2130 “opus
1420 2059 1514 2110 est
1559 2051 2012 2110 theorematum

269 2167 422 2226 pure
468 2147 985 2225 geometricorum
1018 2145 1573 2205 demonstrationes
1621 2166 1656 2204 a
1696 2155 1870 2204 motu
1916 2164 2017 2223 pe-

271 2251 402 2301 tere
424 2242 484 2301 ?'’
544 2241 910 2320 Respondeo
933 2241 1159 2320 primo:
1194 2239 1748 2299 demonstrationes
1779 2259 2012 2308 omnes,

270 2337 388 2397 nisi
418 2337 767 2397 scientificae
798 2337 940 2409 sint,
972 2336 1204 2396 vitiosae
1245 2346 1424 2404 sunt;
1472 2345 1535 2394 et
1580 2335 1696 2393 nisi
1745 2354 1780 2392 a
1821 2334 2020 2392 causis

271 2432 629 2511 procedant,
684 2432 1033 2491 scientificae
1085 2451 1208 2490 non
1261 2439 1421 2489 sunt.
1541 2427 1847 2498 Secund0‚
1903 2428 2022 2486 nisi

274 2527 695 2586 conclusiones
727 2548 763 2587 a
794 2526 1270 2597 constructione,
1304 2525 1368 2584 id
1399 2534 1512 2594 est,
1543 2544 1579 2583 a
1610 2523 2022 2601 descriptione

273 2623 628 2700 figurarum,
651 2621 716 2680 id
745 2632 856 2694 est,
881 2642 917 2680 a
945 2622 1244 2680 linearum
1277 2620 1568 2679 ductione
1601 2619 2018 2678 demonstren-

274 2724 395 2789 tur,
425 2716 658 2775 vitiosae
689 2726 851 2777 sunt.
937 2717 973 2775 J
978 2737 1074 2775 am
1107 2715 1302 2775 omnis
1330 2715 1631 2774 linearum
1660 2714 1867 2773 ductio
1893 2733 2022 2771 mo-

275 2819 375 2868 tus
426 2818 558 2868 est:
618 2810 825 2887 itaque
882 2810 1103 2869 vitiosa
1153 2819 1246 2868 est
1304 2809 1500 2868 omnis
1560 2806 2023 2874 demonstratio,

278 2904 449 2981 cujus
494 2902 795 2980 principia
843 2904 1042 2981 prima
1082 2924 1205 2963 non
1255 2904 1654 2963 continentur
1694 2903 1757 2961 in
1807 2901 2020 2960 defini-

276 2997 546 3056 tionibus
578 3005 853 3056 motuum
885 2998 1101 3075 quibus
1131 2999 1344 3077 figurae
1371 2998 1822 3057 describuntur.
1901 2994 2022 3054 Sed

276 3101 417 3171 post
446 3091 831 3149 theoremata
860 3091 1089 3170 aliquot
1118 3093 1317 3170 prima
1342 3093 1778 3162 demonstrata,
1801 3100 2023 3149 caetera

279 3186 355 3244 ab
385 3185 480 3244 his
512 3184 920 3262 dependentia
949 3206 1072 3245 non
1105 3198 1290 3265 egent
1328 3187 1852 3247 demonstratione
1885 3203 2021 3262 quae

278 3279 349 3337 fit
378 3299 414 3337 a
442 3288 633 3351 motU,
663 3289 737 3358 ut
765 3299 1024 3356 quorum
1065 3280 1616 3340 demonstrationes
1662 3281 1725 3338 in
1767 3279 2018 3337 demon-

280 3373 675 3432 strationibus
699 3373 972 3451 priorum
991 3375 1420 3435 continentur:
1456 3396 1570 3435 nec
1594 3375 1711 3434 alia
1732 3393 1795 3431 re
1816 3380 2018 3449 egent,

279 3480 349 3526 ut
396 3466 837 3544 intelligantur,
878 3476 1102 3544 praeter
1147 3468 1390 3528 illorum
1434 3470 1707 3548 priorum
1754 3465 2016 3543 explica-

283 3562 534 3634 tionem,
564 3561 661 3621 vel
691 3561 1167 3621 conversionem.
