2462 4120
506 375 619 429 158
854 388 1299 431 EXAMINATIO
1338 391 1417 431 ET
1452 390 1861 432 EMENDATIO

187 546 434 578 mALoGUS
497 526 798 587 Euclides.
874 528 1040 589 Quid
1069 529 1230 588 enim
1264 530 1417 588 ratio
1447 529 1612 588 aliud
1642 539 1752 601 est,
1777 548 1959 607 quam
1987 528 2223 606 magni-

190 614 425 696 ,ᾆξ’-’,κ
496 620 646 680 tudo
705 621 884 681 unius
935 623 1309 701 quantitatiS,
1359 633 1658 702 quatenus
1709 623 1787 682 ad
1832 623 2008 682 aliam
2057 643 2223 682 com-

493 725 746 792 paratur
766 715 786 773 ?

578 806 654 867 B.
703 809 890 868 Nihil.

577 899 654 961 A.
702 903 822 963 Sed
844 903 981 963 vide
1003 904 1260 962 Wallisii
1291 923 1471 981 super
1499 903 1631 961 haec
1656 903 1995 964 scholiastae
2018 906 2222 977 verba,

495 995 710 1055 Latine
761 998 835 1056 ab
886 998 1016 1075 ipso
1061 1017 1253 1070 versa,
1307 996 1724 1056 subtilitatem.
1831 998 2034 1057 Verba
2083 1007 2226 1058 sunt

492 1089 623 1150 haec
647 1113 660 1148 :
706 1099 801 1149 est
830 1100 1032 1150 autem
1059 1091 1207 1164 alia,
1235 1112 1364 1169 quce
1387 1090 1618 1149 dieitur
1648 1090 1874 1150 relatio
1897 1093 2225 1152 secundum

492 1207 803 1247 eoeeessum
834 1196 896 1247 et
927 1188 1249 1266 defectum.

573 1282 652 1341 B.
703 1282 909 1343 Quid?
996 1282 1212 1341 Aliane
1243 1281 1422 1353 rati0,
1455 1300 1532 1338 an
1572 1280 1691 1339 alia
1718 1280 1976 1341 relatio?

572 1375 648 1435 A.
695 1388 816 1443 ἄλλη
856 1388 1032 1450 σχέσις,
1072 1376 1136 1434 id
1166 1386 1279 1448 est,
1311 1374 1444 1433 alia
1473 1374 1783 1433 habitudo.

572 1469 650 1529 B.
698 1470 822 1529 Cur
851 1489 996 1547 ergo
1037 1490 1161 1528 non
1209 1468 1394 1528 vertit
1431 1488 1540 1546 per
1584 1467 1713 1527 alia
1754 1467 2067 1542 habitudo,
2118 1468 2226 1528 sed

489 1584 601 1643 per
631 1564 765 1623 alia
794 1563 1022 1622 relatio
1044 1567 1078 1622 ‚2

577 1659 658 1718 A.
708 1659 870 1719 Quia
915 1658 1093 1730 rati0‚
1135 1678 1271 1736 quae
1314 1657 1414 1715 hic
1454 1657 1752 1730 innuitur,
1778 1677 1849 1716 ea
1897 1667 1990 1717 est
2042 1678 2223 1735 quam

492 1754 674 1831 vulgo
707 1763 929 1811 vocant
959 1753 1259 1811 rationem
1307 1752 1776 1825 arithmeticam,
1803 1772 1987 1830 quam
2015 1752 2222 1812 Walli-

493 1848 615 1906 sius
654 1857 840 1925 negat
893 1866 1024 1906 esse
1071 1847 1390 1906 rationem.
1479 1846 1693 1924 Itaque
1746 1847 1928 1906 homo
1969 1847 2222 1920 subtilis,

493 1942 811 2001 sententiae
843 1962 968 2000 suae
1001 1941 1436 2000 convenienter
1481 1940 1683 2000 locum
1713 1950 1977 2014 vertenS,
2009 1942 2225 2001 maluit

491 2037 846 2095 relationem
880 2036 1081 2095 dicere
1113 2056 1295 2115 quam
1326 2034 1760 2108 habitudinem,
1802 2055 1939 2114 quae
1968 2055 2086 2094 vox
2131 2043 2224 2095 est

494 2132 559 2190 in
592 2131 946 2191 definitione
972 2131 1247 2190 rationis.
1306 2130 1542 2190 Deinde
1561 2130 1743 2208 paulo
1769 2129 1946 2201 infra,
1965 2130 2222 2208 praeviso

492 2226 657 2303 quod
704 2245 830 2284 non
876 2226 1080 2303 inepte
1130 2244 1402 2303 quaerere
1450 2224 1584 2302 quis
1614 2233 1838 2302 posset,
1871 2244 1951 2282 an
1981 2223 2132 2282 insit
2162 2223 2225 2281 in

491 2319 735 2377 ratione
763 2318 1042 2397 qualitas
1075 2320 1290 2399 aliqua
1311 2342 1334 2387 ;
1378 2319 1729 2397 respondet,
1760 2326 1827 2376 ut
1857 2318 2222 2398 figurarum

492 2411 849 2491 magnitudo
879 2412 967 2471 acl
997 2413 1406 2491 quantitatem
1449 2420 1718 2491 Spectat,
1744 2411 1835 2470 ita
1862 2412 2224 2491 figurarum

491 2507 731 2585 speeies
781 2515 1026 2586 Spectat
1080 2506 1170 2565 acl
1215 2505 1597 2586 qualitatem.
1698 2505 1889 2566 Quasi
1938 2504 2103 2563 aliud
2160 2505 2225 2563 in

491 2600 701 2678 figuris
727 2611 1152 2677 compararent
1181 2609 1512 2679 geometrae
1541 2609 1766 2677 praeter
1806 2599 2179 2677 quantitates
2206 2626 2222 2668 ;

490 2702 597 2752 aut
628 2703 785 2751 esset
816 2693 1019 2772 aliqua
1048 2694 1203 2753 ratio
1227 2692 1719 2772 magnitudinum
1739 2712 1874 2770 quae
1894 2701 2056 2751 esset
2079 2712 2224 2771 qua-

491 2788 649 2847 litas
740 2788 869 2846 Illae
906 2789 1055 2866 ipsae
1085 2788 1241 2847 ratio
1288 2797 1350 2847 et
1398 2786 1733 2860 inclinati0‚
1766 2795 2020 2864 propter
2069 2806 2218 2864 quas

489 2883 751 2959 figuram
785 2881 1174 2958 qualitatibus
1199 2880 1506 2940 accenseri
1534 2890 1816 2958 poscunt,
1857 2881 2051 2939 ambae
2081 2890 2222 2939 sunt

492 2975 886 3053 quantitateS,
909 2995 1024 3034 nec
1052 2985 1123 3034 ut
1151 2975 1385 3055 qualeS,
1416 2974 1523 3033 sed
1552 2983 1621 3033 ut
1663 2982 1903 3053 quantae
1947 2974 2223 3033 conside-

491 3079 708 3128 rantur
738 3089 775 3127 a
803 3056 1265 3129 mathematicis,
1315 3068 1498 3130 Quod
1520 3068 1906 3147 Meybomius
1936 3076 2222 3148 quantum

490 3183 527 3222 a
555 3170 734 3242 quoto
764 3183 890 3221 non
914 3162 1271 3242 distinguat,
1303 3164 1378 3222 ab
1407 3162 1680 3221 Wallisio
1705 3171 1870 3222 recte
1895 3163 2223 3241 reprehen-

492 3256 674 3316 ditur.
789 3256 1045 3329 Deinde,
1106 3257 1270 3336 quod
1334 3255 1752 3335 Meybomium
1808 3256 2218 3334 reprehendit,

491 3351 635 3428 quia
662 3351 727 3409 in
777 3350 925 3409 locis
957 3351 1189 3429 aliquot
1234 3359 1532 3423 veterum,
1559 3350 1664 3408 ubi
1713 3350 2059 3410 emendatio
2113 3349 2219 3409 de-

488 3445 672 3504 bebat
699 3444 832 3503 fieri
870 3464 981 3522 per
1002 3454 1296 3513 διπλιισίονα,
1325 3443 1610 3505 emendat
1654 3464 1764 3523 per
1787 3453 2050 3516 διπλάσιον,
2094 3464 2221 3503 me-

490 3540 610 3599 rito
641 3539 804 3598 fecit.
895 3538 1016 3597 Sed
1061 3540 1224 3617 quod
1265 3538 1649 3618 Meybomius
1679 3538 1840 3596 idem
1871 3538 2214 3617 significare

491 3641 809 3694 censuerat
834 3642 1084 3691 διπλασίων
1115 3644 1175 3692 et
1207 3643 1462 3708 διπλάσιος,
1487 3642 1654 3692 recte
1678 3633 1916 3692 censuit
1948 3658 1964 3702 ;
2008 3631 2219 3693 Walli-
