2462 4120
619 379 1141 424 MATHEMATmAE
1177 381 1580 423 HODIERNAE.
1878 371 1954 425 85

221 523 418 601 major
446 519 716 593 minori-5³,
756 540 888 579 cum
931 519 1226 596 majorem
1273 518 1525 577 metitur
1554 520 1766 593 minor,
1797 541 1956 581 anne

220 617 603 694 distinguunt
653 614 815 673 inter
858 610 1200 692 multiplex,
1238 610 1429 689 (quod
1460 621 1553 670 est
1583 613 1957 695 multiplica-

219 713 405 788 tum),
434 718 497 768 et
525 708 873 789 multiplum
897 710 934 767 ,ἓ

299 805 381 864 Β.
427 803 570 863 Non
627 813 794 862 certe
850 802 968 860 hoc
1024 798 1208 866 loco;
1269 817 1471 877 neque
1530 798 1728 859 Graeci
1795 802 1958 862 inter

217 910 460 960 διπλάσιον
510 907 572 957 et
621 907 910 956 διπλασίονα.
999 894 1162 953 Nam
1207 892 1258 951 Sl
1286 891 1595 965 feClSSent,
1626 912 1750 952 non
1780 909 1955 953 πολλα-

215 1005 412 1052 πλάσιον
442 992 695 1052 dixisset
722 991 1025 1063 EuclideS,
1057 987 1165 1048 Sed
1193 999 1599 1046 πολλαπλασίονα.

301 1088 382 1147 Α.
430 1088 671 1147 Caetera
698 1087 854 1145 bene
887 1105 950 1145 se
979 1084 1229 1143 habent.

309 1181 377 1242 Β.
428 1183 834 1242 Transeamus
886 1200 1031 1259 ergo
1083 1177 1163 1237 ad
1213 1174 1599 1236 definitiones
1652 1175 1956 1236 Elementi

219 1278 457 1339 decimi.

303 1373 383 1433 A.
430 1373 587 1433 Sunt
615 1381 677 1432 et
703 1372 824 1432 illae
853 1378 1155 1431 accuratae
1185 1386 1414 1427 omnes.

301 1469 381 1528 B.
426 1469 774 1548 Antequam
802 1466 1214 1547 progrediare,
1247 1462 1427 1521 velim
1461 1460 1626 1519 dicas
1657 1459 1807 1518 mihi
1837 1479 1958 1537 quo

218 1563 357 1636 fine,
389 1563 513 1623 sive
561 1563 658 1622 cui
696 1563 859 1622 bono
909 1559 1192 1620 Euclides
1243 1558 1627 1617 theoremata
1670 1554 1775 1613 illa
1818 1554 1958 1613 Ele-

219 1658 412 1718 menti
430 1657 648 1717 decimi
671 1656 1024 1716 difficillima
1046 1654 1224 1714 nobis
1248 1649 1709 1712 demonstravit.
1766 1648 1959 1708 Caete-

219 1773 317 1813 ras
348 1752 509 1812 enim
537 1751 890 1831 geometriae
935 1758 1139 1830 partes
1187 1766 1399 1807 omnes
1438 1745 1576 1805 usui
1618 1764 1748 1804 esse
1776 1743 1955 1803 video

218 1853 283 1907 in
314 1846 620 1907 communi
649 1847 792 1919 vita,
822 1855 931 1905 aut
977 1844 1056 1904 ad
1105 1841 1554 1914 aedificandum,
1586 1850 1694 1900 aut
1729 1839 1808 1898 ad
1851 1859 1959 1898 na-

218 1942 568 2022 vigandum,
636 1950 742 2002 aut
803 1941 882 2001 ad
950 1940 1282 2012 machinas,
1341 1947 1449 1997 aut
1520 1936 1599 1995 ad
1657 1934 1958 1995 calculum

218 2038 529 2117 temporiS,
577 2046 683 2096 aut
733 2036 811 2096 ad
860 2037 1183 2115 picturam,
1236 2043 1344 2092 aut
1395 2031 1475 2091 ad
1510 2029 1958 2110 philosophiam

218 2132 577 2205 naturalem,
609 2142 714 2191 aut
758 2131 1020 2209 denique
1067 2129 1146 2188 ad
1197 2126 1448 2207 aliquid.
1537 2125 1652 2185 Cui
1680 2145 1824 2184 vero
1869 2124 1958 2184 rei

218 2227 514 2287 linearum
543 2227 674 2287 haec
703 2224 1152 2285 irrationalium
1174 2222 1444 2302 cognitio
1473 2221 1785 2294 inserviat,
1807 2241 1960 2279 non-

221 2320 365 2381 dum
388 2342 593 2381 cerno.
682 2321 821 2381 Scio
847 2341 982 2399 quae
1011 2320 1269 2399 pulchra
1300 2326 1461 2387 sunt,
1493 2315 1762 2375 difficilia
1785 2335 1916 2375 esse
1939 2341 1953 2382 ;

220 2416 327 2476 sed
367 2426 439 2476 ut
465 2416 749 2489 vicissim,
782 2435 919 2494 quae
966 2414 1237 2474 difficilia
1282 2423 1444 2485 sunt,
1475 2411 1661 2471 etiam
1698 2411 1956 2490 pulchra

221 2511 360 2586 sint,
390 2531 635 2572 necesse
664 2531 789 2571 non
818 2520 931 2571 est.

303 2606 385 2666 A.
431 2607 570 2668 Quo
591 2607 712 2666 fine
734 2607 867 2667 haec
893 2605 1336 2666 demonstravit
1361 2610 1526 2664 certe
1555 2601 1801 2670 nescio;
1847 2599 1955 2660 sed

222 2700 367 2778 quin
394 2701 458 2760 in
489 2702 656 2762 omni
684 2721 750 2760 re
778 2701 1010 2780 ingenii
1046 2699 1333 2779 splendor
1374 2698 1506 2777 ipse
1551 2716 1663 2776 per
1709 2715 1773 2755 se
1818 2695 1954 2774 pul-

221 2794 553 2856 cherrimus
591 2797 690 2870 sit,
738 2795 1144 2856 dubitandum
1183 2815 1309 2854 non
1353 2802 1466 2853 est.
1562 2792 1858 2851 Attamen
1902 2790 1953 2849 si

221 2887 298 2947 ab
326 2889 458 2967 ipso
489 2910 669 2969 opere
710 2890 786 2950 de
833 2890 1088 2950 consilio
1127 2888 1361 2968 opificis
1408 2886 1713 2965 conjicere
1751 2884 1951 2958 liceat,

221 2982 478 3043 voluisse
505 2996 655 3064 puto
695 2986 1032 3059 Euclidem,
1065 2994 1365 3065 quantum
1405 2982 1609 3062 potuit
1652 2981 1951 3040 linearum

223 3077 493 3137 omnium
519 3081 584 3138 in
611 3081 841 3160 figuriS,
866 3090 1037 3140 certa
1065 3090 1128 3140 et
1163 3079 1412 3158 cognita
1440 3077 1575 3156 lege
1616 3075 1951 3154 descripta-

221 3190 377 3243 rum,
407 3172 669 3234 rationes
709 3186 1065 3236 convertere
1107 3175 1172 3234 in
1218 3174 1488 3233 rationes
1534 3190 1947 3231 numerorum.

161 3325 164 3326 γ
225 3264 408 3325 Quod
436 3266 486 3325 si
513 3277 732 3328 natura
758 3270 891 3330 fieri
917 3290 1096 3350 passa
1130 3280 1310 3341 esset,
1353 3267 1733 3347 computatio
1786 3285 1951 3343 quae-

220 3358 371 3418 libet
425 3359 711 3422 facillima
765 3363 930 3424 facta
979 3373 1156 3437 esset,
1209 3363 1519 3435 nimirum,
1579 3361 1643 3420 in
1711 3358 1948 3419 tabulas

220 3453 471 3532 digestis
502 3456 770 3515 omnium
798 3478 1001 3518 rerum
1031 3459 1389 3518 rationibus.

302 3547 559 3608 Restant
608 3549 989 3612 definitiones
1039 3553 1341 3612 Elementi
1372 3552 1493 3619 xi.;
1547 3550 1668 3609 illae
1708 3564 1949 3627 quoque

222 3644 299 3704 ad
329 3646 719 3708 scientiarum
748 3651 1133 3711 severitatem
1165 3649 1587 3711 exactissimae.

2022 543 2273 577 DIALOGUS

2120 612 2174 644 IL

2023 670 2263 699 ἓ-Υ-α
