2462 4120
620 416 710 457 nn
743 415 1247 456 MAGNITUDINE
1283 415 1586 458 officum.
1840 402 1950 466 371

313 558 693 635 Proponatur
722 553 996 613 invenire
1034 562 1265 612 rectam
1296 554 1590 633 aequalem
1615 556 1782 614 arcui
1811 575 1959 634 qua·
2016 581 2290 614 senonum.

229 651 462 712 drantis
520 647 811 727 descripti
857 667 896 707 a
946 648 1175 725 majore
1234 657 1549 726 segmento
1595 648 1802 707 lateris
1850 647 1959 706 AB
2028 638 2262 666 “³'‘

228 744 380 806 secti
407 751 682 802 extrema
706 750 770 800 et
798 740 1000 800 media
1027 740 1287 800 ratione.
1362 741 1824 802 Semidiametro
1854 744 1962 803 AG

229 837 610 899 describatur
659 856 837 895 arcus
889 855 1100 895 secans
1141 836 1247 894 AE
1298 834 1361 893 in
1403 834 1473 904 83
1519 835 1636 894 erit
1688 855 1832 914 ergo
1873 837 1962 896 δΕ

228 939 611 1011 segmentum
634 932 830 1009 majus
853 930 1061 990 lateris
1081 930 1191 988 AB
1214 930 1365 989 secti
1389 940 1663 988 extrema
1686 941 1746 988 et
1765 932 1967 991 media

227 1027 484 1087 ratione.
575 1026 891 1086 Ponantur
919 1026 983 1085 in
1013 1025 1142 1095 AB,
1174 1025 1307 1097 RO,
1339 1024 1473 1098 AD,
1506 1032 1691 1084 rectae
1722 1025 1832 1097 Αἰ,
1866 1026 1966 1099 Βι,

229 1121 346 1194 Rn,
376 1122 476 1181 Αθ
504 1121 760 1200 singulae
804 1120 1066 1200 aequales
1108 1121 1224 1199 ipsi
1256 1119 1364 1179 BE.
1453 1120 1878 1198 Jungaturque
1911 1123 1969 1177 ιθ

230 1235 443 1276 secans
472 1216 599 1275 AM
629 1215 690 1274 in
722 1218 780 1287 λ,
813 1224 876 1274 et
918 1215 1029 1274 Ro
1068 1215 1132 1273 in
1172 1243 1220 1288 η,
1254 1223 1316 1274 et
1363 1213 1624 1273 ducatur
1664 1222 1831 1272 recta
1862 1213 1969 1283 Αη,

230 1322 295 1371 et
349 1310 724 1390 producatur
780 1309 859 1369 ad
909 1309 1013 1369 BC
1063 1310 1128 1368 in
1165 1337 1203 1368 ε.
1300 1308 1436 1368 Erit
1486 1328 1631 1386 ergo
1683 1315 1852 1366 recta
1896 1307 1970 1365 Be

231 1405 481 1485 aequalis
511 1405 680 1465 arcui
711 1404 1067 1483 quadrantis
1099 1404 1391 1482 descripti
1418 1403 1591 1463 radio
1621 1402 1750 1472 AZ3
1802 1401 1970 1480 (quia

232 1508 344 1572 est,
366 1508 437 1560 ut
467 1500 571 1559 BC
593 1498 672 1558 ad
695 1499 833 1570 CM,
857 1500 945 1558 ita
965 1500 1060 1565 R„
1080 1499 1157 1558 ad
1177 1499 1286 1575 Be)
1314 1522 1327 1557 ε
1362 1498 1693 1576 eademque
1723 1496 1970 1575 aequalis

232 1594 403 1654 arcui
425 1593 731 1672 descripto
761 1613 799 1651 a
828 1594 1057 1672 majore
1082 1601 1398 1672 segmento
1418 1594 1533 1665 ΑΖ,
1558 1611 1778 1670 nempe
1801 1591 1971 1650 arcui

232 1691 322 1761 Ζθ,
353 1687 688 1766 eademque
735 1690 932 1767 majus
978 1697 1359 1766 segmentum
1391 1697 1578 1747 rectae
1609 1687 1733 1746 ΒΜ
1764 1686 1972 1746 divisae

242 1792 518 1843 extrema
546 1791 606 1843 et
644 1782 844 1842 media
880 1783 1118 1842 ratione
1157 1783 1222 1842 in
1252 1811 1272 1841 ε
1298 1809 1313 1847 z
1376 1791 1438 1842 et
1468 1783 1560 1842 εΜ
1591 1790 1970 1861 segmentum

236 1877 456 1938 minus,

319 1971 428 2031 Sin
457 1980 765 2051 quaeratur
795 1971 1155 2051 magnitudo
1187 1980 1371 2031 rectae
1404 1972 1523 2044 Βλ,
1555 1991 1691 2050 quae
1721 1980 1814 2030 est
1844 1970 1974 2030 dia-

232 2067 469 2146 gonalis
509 2067 791 2145 quadrati
820 2087 858 2126 a
885 2068 1117 2146 majore
1157 2076 1475 2145 segmento
1506 2065 1605 2138 Βι,
1638 2066 1975 2144 eademque

233 2170 422 2220 rectae
473 2161 583 2220 BD
635 2161 845 2221 divisae
887 2171 1160 2221 extrema
1207 2170 1268 2221 et
1311 2160 1514 2220 media
1555 2161 1793 2220 ratione
1840 2179 1976 2237 seg-

234 2263 510 2314 mentum
557 2256 787 2334 majus;
835 2275 975 2314 cum
1019 2275 1094 2314 ex
1139 2275 1211 2314 eo
1249 2255 1413 2333 quod
1460 2254 1541 2313 sit
1595 2263 1979 2333 segmentum

234 2351 431 2429 majus
463 2349 786 2410 difficulter
814 2350 913 2409 vel
954 2370 1081 2409 non
1123 2349 1372 2409 omnino
1405 2347 1811 2407 demonstrari
1840 2367 1977 2426 pos-

236 2443 333 2517 sit,
363 2444 560 2523 primo
590 2445 944 2504 mechanice
988 2444 1160 2503 illum
1189 2463 1478 2522 comparo
1511 2463 1651 2502 cum
1680 2451 1851 2502 recta
1880 2443 1977 2500 FE

237 2537 333 2596 vel
355 2539 485 2611 AB,
510 2548 571 2599 et
597 2539 766 2598 illam
788 2538 1032 2599 invenio
1056 2538 1353 2618 proxime,
1379 2546 1440 2597 et
1471 2538 1601 2598 sine
1633 2536 1980 2596 differentia

240 2632 527 2705 sensibili,
557 2633 848 2694 accedere
870 2633 949 2693 ad
978 2632 1463 2712 magnitudinem
1484 2642 1672 2692 rectae
1696 2632 1822 2703 FK,
1842 2650 1978 2708 quae

239 2733 333 2783 est
357 2724 522 2784 sinus
546 2737 748 2787 rectus
773 2734 853 2788 60
877 2727 1197 2806 graduum.
1264 2728 1478 2805 Itaque
1501 2727 1680 2805 juxta
1701 2726 1978 2804 regulam

241 2818 581 2897 analyticae,
626 2840 901 2898 suppono
953 2820 1340 2899 diagonalem
1384 2822 1483 2880 Βλ
1530 2839 1661 2879 esse
1707 2819 1823 2897 ipsi
1869 2818 1976 2876 FK

242 2911 558 2990 aequalem.
645 2913 959 2973 Calculum
995 2924 1202 2975 autem
1235 2915 1394 2974 ineo,
1485 2913 1870 2975 Quadratum
1901 2912 1976 2970 ab

243 3006 351 3064 FK
406 3005 640 3084 aequale
698 3015 791 3066 est
847 3007 1113 3067 sedecim
1171 3008 1485 3087 quadratis
1531 3028 1567 3066 a
1617 3016 1835 3085 quarta
1885 3005 1978 3064 sui

242 3108 438 3177 parte.
509 3099 671 3176 Ergo
701 3099 1063 3177 quadratum
1093 3122 1131 3160 a
1160 3101 1465 3180 diagonali
1490 3100 1598 3160 BD
1623 3100 1854 3179 aequale
1885 3109 1977 3157 est

245 3199 325 3251 32
358 3190 671 3269 quadratis
699 3212 736 3251 a
765 3203 981 3270 quarta
1008 3204 1183 3272 parte
1213 3195 1422 3254 lateris
1454 3194 1563 3253 AB
1593 3194 1686 3252 vel
1721 3193 1836 3251 FE.

328 3286 408 3343 Et
437 3286 719 3363 quoniam
752 3286 1113 3367 quadratum
1143 3309 1180 3348 a
1210 3289 1307 3347 Βλ
1338 3288 1702 3366 supponitur
1745 3283 1975 3362 aequale

247 3378 544 3457 quadrato
575 3379 651 3437 ab
683 3379 808 3450 FK,
841 3379 905 3437 id
944 3390 1034 3440 est
1080 3381 1273 3441 tribus
1303 3380 1613 3460 quadratis
1643 3400 1680 3438 a
1726 3377 1976 3436 dimidia

246 3473 375 3544 AB,
408 3472 472 3530 id
501 3482 593 3531 est
629 3472 948 3531 duodecim
992 3475 1304 3551 quadratis
1334 3496 1370 3534 a
1400 3484 1619 3554 quarta
1661 3480 1833 3550 parte
1864 3469 1974 3527 AB

246 3566 341 3625 vel
371 3566 489 3638 EF,
520 3566 635 3625 erit
686 3587 924 3645 quoque
973 3568 1335 3646 quadratum
1368 3590 1403 3628 a
1435 3570 1532 3627 Βλ
1565 3565 1795 3644 aequale
1826 3563 1976 3622 duo-

1651 3678 1689 3716 Β
1718 3677 1756 3716 Β
1792 3674 1815 3708 ‘2
