2462 4120
505 338 623 391 424
741 350 830 390 DE
864 351 1246 395 PRINCIPIIS
1281 354 1365 395 ET
1398 354 1999 397 RATIOCINATIONE

186 509 296 540 exp,
324 509 434 541 xm.
505 508 654 546 voce
685 488 897 548 Graeca
928 490 1116 550 utitur
1156 492 1438 551 Euclides
1481 513 1593 571 pro
1623 494 1857 552 ratione
1890 502 1924 552 2
1957 494 2034 552 ad
2078 501 2098 552 l
2137 494 2233 554 vel

180 614 435 648 neratifflmm
505 590 541 640 4
575 582 653 641 ad
683 591 740 653 2,
766 583 870 641 ubi
900 604 1107 644 rursus
1133 586 1375 645 Clavius
1406 587 1571 646 illam
1596 588 1798 646 reddit
1827 608 1935 665 per
1962 587 2230 667 duplam.

181 667 336 703 ⁰³¹⁶¹¹1⁰·
508 676 728 734 Nonne
766 697 909 755 ergo
943 690 1004 737 et
1045 679 1172 757 ipse
1204 681 1464 750 Clavius,
1496 701 1570 740 ex
1610 701 1682 740 eo
1714 682 1876 759 quod
1916 681 2068 740 dixit
2112 682 2234 741 Eu-

507 769 693 829 clides
745 770 1134 849 duplicatam,
1179 773 1477 833 intellexit
1529 775 1710 848 (sicut
1761 776 1888 849 alii)
1944 775 2233 854 duplam?

510 864 631 924 Qui
687 866 855 924 verbi
914 867 1184 944 ejusdem
1245 869 1751 946 significationem
1807 869 1989 929 modo
2050 890 2238 928 unam

508 957 689 1018 modo
722 959 901 1019 aliam
940 960 1105 1034 facit,
1138 961 1285 1019 mihi
1332 962 1578 1040 quidem
1618 963 1858 1022 videtur
1902 965 2238 1043 subjectam

507 1072 635 1111 rem
672 1054 838 1112 nullo
884 1054 1066 1114 modo
1119 1055 1479 1133 intelligere.
1571 1056 1709 1116 Quo
1742 1068 1945 1116 autem
1994 1058 2238 1117 nomine

512 1146 904 1224 appellabunt
935 1148 1232 1206 rationem
1263 1155 1298 1206 8
1323 1149 1401 1206 ad
1431 1157 1466 1207 4
1502 1161 1914 1227 comparatam
1957 1170 2096 1210 cum
2140 1171 2238 1209 ra-

510 1241 676 1300 tione
709 1248 744 1300 8
776 1241 854 1299 ad
886 1241 965 1300 2?
1055 1242 1278 1301 Dicent
1323 1243 1490 1301 illam
1537 1263 1668 1302 esse
1715 1244 1895 1322 hujus
1932 1243 2241 1323 subdupli-

512 1342 733 1407 catam,
767 1346 828 1394 et
859 1336 1113 1394 rationis
1148 1343 1183 1394 8
1214 1336 1292 1394 ad
1331 1344 1352 1395 l
1391 1336 1910 1416 subtriplicatam.
2016 1338 2244 1398 Nume-

510 1447 646 1486 rum
677 1438 879 1487 autem
914 1429 1150 1487 numeri
1195 1429 1562 1507 subduplum
1603 1430 1829 1503 dicent,
1861 1451 1982 1491 non
2014 1432 2239 1492 subdu-

511 1522 843 1599 plicatum3
890 1533 950 1581 et
990 1542 1312 1581 numerum
1355 1530 1391 1583 2
1425 1525 1663 1583 numeri
1693 1531 1730 1583 6
1764 1546 1886 1584 non
1934 1527 2244 1607 subtripli-

513 1625 737 1687 catum,
797 1616 904 1674 sed
976 1617 1379 1695 subtriplum:
1446 1618 1695 1678 nomina
1766 1620 2002 1680 Latinae
2073 1621 2246 1700 genti

511 1710 802 1769 inaudita.
891 1711 1103 1789 Itaque
1135 1713 1426 1771 cessantis
1460 1715 1588 1791 jam
1618 1713 1846 1793 linguae
1874 1717 2077 1789 verba,
2110 1737 2246 1796 quae

513 1804 682 1863 velut
730 1815 1098 1864 testamenta
1150 1818 1346 1866 morte
1401 1809 1763 1868 confirmata
1807 1819 1966 1883 sunt,
2004 1820 2065 1870 et
2109 1832 2246 1890 quae

511 1901 732 1960 mutari
778 1921 900 1961 non
953 1902 1197 1976 debent,
1248 1924 1355 1962 suo
1407 1903 1659 1963 arbitrio
1708 1905 1837 1963 sine
1885 1906 2247 1965 necessitate

514 2004 729 2055 mutat.
835 1997 1001 2056 Quid
1033 1998 1194 2056 enim
1242 1998 1491 2057 omnino
1533 1997 1837 2077 significat
1883 1999 2249 2079 subduplum

516 2100 622 2148 aut
653 2090 1164 2168 subduplicatum‚
1206 2092 1255 2151 si
1289 2093 1592 2170 significat
1637 2093 1866 2171 aliquid
1904 2105 2127 2172 praeter
2158 2094 2250 2154 di-

517 2184 805 2242 midium:
839 2196 945 2244 aut
976 2180 1341 2265 subtriplum
1365 2187 1458 2245 vel
1490 2187 1997 2266 subtriplicatum‚
2025 2198 2252 2267 praeter

517 2278 766 2337 tertiam
796 2288 1052 2357 partem.
1141 2280 1443 2339 Retinebo
1475 2301 1621 2358 ergo
1650 2283 1947 2342 vocabula
1984 2269 2250 2361 propria,

519 2372 895 2451 duplicatum
943 2393 1164 2432 vocans
1216 2374 1400 2432 etiam
1448 2374 1720 2453 duplum,
1763 2387 1825 2435 et
1873 2377 2251 2454 triplicatum

518 2465 807 2544 triplum;
853 2485 967 2524 nec
997 2486 1108 2544 pro
1142 2467 1563 2545 subduplicato
1595 2479 1657 2527 et
1688 2470 2108 2548 subtriplicato
2140 2469 2251 2529 du-

520 2561 729 2619 bitabo
762 2560 963 2619 dicere
995 2561 1333 2630 dimidium,
1366 2570 1425 2621 et
1466 2563 1713 2622 tertiam
1744 2575 2002 2642 partem,
2042 2563 2139 2623 vel
2174 2563 2254 2640 (si

519 2655 696 2728 libet)
749 2655 1055 2715 trientem.
1143 2656 1344 2715 Etiam
1386 2657 1450 2716 in
1494 2658 1830 2717 rationibus
1878 2659 2254 2737 (quanquam

521 2749 585 2808 id
630 2769 751 2808 non
793 2749 1091 2809 concedat
1124 2750 1394 2826 Clavius)
1447 2751 1724 2811 similiter
1777 2753 1995 2825 dicam,
2025 2753 2143 2812 nisi
2189 2753 2255 2813 id

521 2844 672 2903 falso
706 2842 826 2903 dici
856 2844 1155 2904 ostendat.
1218 2845 1401 2905 Quod
1432 2846 1593 2905 enim
1623 2855 1819 2925 rogat,
1852 2852 1890 2877 ‘⁶
1917 2848 2068 2908 Quis
2097 2847 2256 2906 affir-

513 2938 713 2997 -mabit
769 2938 833 2997 in
891 2939 983 3009 his
1040 2940 1309 2998 numeris
1361 2940 1651 2999 continue
1697 2941 2254 3020 proportionalibus

526 3041 874 3104 25--5-1,
898 3033 1355 3111 proportionem
1387 3041 1463 3093 25
1497 3034 1576 3093 ad
1615 3042 1634 3094 l
1677 3035 1926 3114 duplam
1958 3055 2088 3095 esse
2117 3055 2257 3114 pro-

525 3127 821 3206 portionis
874 3135 950 3187 25
1004 3127 1084 3186 ad
1138 3135 1215 3186 5:
1261 3129 1465 3206 potius
1513 3149 1646 3188 eam
1679 3130 1812 3207 quis
1857 3129 2078 3189 dixerit
2123 3149 2254 3189 esse

527 3221 986 3300 quintuplam'’:
1032 3221 1185 3280 nihil
1224 3223 1460 3300 probat.
1554 3222 1739 3294 Quid,
1779 3224 1920 3302 quia
1958 3223 2255 3284 terminus

526 3317 757 3395 primus
798 3325 891 3374 est
932 3316 1286 3394 quintuplus
1318 3317 1588 3391 secundi,
1621 3328 1683 3377 et
1723 3317 2025 3378 secundus
2055 3319 2255 3378 tertii:

528 3412 605 3471 ob
637 3431 769 3470 eam
801 3430 1044 3470 causam
1082 3409 1303 3469 dixerit
1348 3411 1564 3490 aliquis
1611 3412 1912 3471 rationem
1961 3420 2038 3472 25
2077 3412 2156 3472 ad
2201 3419 2256 3486 1,

527 3505 911 3584 quintuplam
955 3523 1085 3563 esse
1125 3504 1378 3564 rationis
1417 3513 1450 3564 5
1484 3506 1563 3565 ad
1599 3513 1652 3580 1,
1683 3507 1884 3585 potius
1916 3526 2096 3586 quam
2149 3506 2259 3566 du-

516 3600 734 3676 plam?
838 3598 1234 3659 Manifestum
1286 3608 1376 3659 est
1427 3600 1728 3660 rationem
1779 3608 1857 3661 25
1911 3600 1989 3660 ad
2043 3608 2077 3660 5
2128 3620 2256 3661 esse
