2462 4120
823 389 912 430 DE
945 387 1231 430 NATURA
1261 387 1489 431 AERIS.
1900 380 2021 433 263

287 530 535 610 plenum
565 527 778 587 dicunt
808 526 972 606 quod
1000 546 1260 586 vacuum
1289 535 1529 605 putant.
1602 528 1870 589 Procedo
1894 532 2022 609 jam

288 625 368 684 ad
411 622 826 702 experimenta
870 621 1007 690 alia,
1057 630 1119 681 et
1167 620 1449 694 referam,
1501 621 1718 699 prim0,
1765 644 1835 683 ea
1886 645 2022 703 quae

287 718 415 797 igni
471 716 759 776 accidunt
808 715 1043 775 incluso
1095 714 1164 789 in
1222 714 1575 793 recipiente.
1693 717 2022 778 Candelam

286 811 600 872 ardentem
632 810 967 870 immissam
995 810 1059 869 in
1089 809 1409 888 recipienS‚
1455 819 1518 869 et
1560 810 1624 868 in
1657 811 1859 870 medio
1891 813 2020 889 ejus

284 905 675 985 pendentem,
693 916 1039 984 postquam,
1071 904 1278 964 clauso
1312 905 1442 982 ejus
1473 904 1724 977 orificiO,
1756 915 2023 984 coeptum

286 1010 379 1060 est
402 1009 709 1060 suctorem
729 1000 1129 1079 reciprocare,
1148 999 1312 1059 intra
1334 999 1600 1078 spatium
1625 999 2024 1059 semi-minuti

284 1097 454 1157 horae
482 1097 746 1158 vidimus
777 1098 1130 1157 extinctam.

371 1192 454 1253 A.
501 1192 832 1252 Candelam
878 1191 1198 1251 ardentem
1243 1191 1567 1251 demissam
1618 1192 1682 1250 in
1729 1189 2026 1263 fodinam,

284 1285 448 1346 unde
484 1286 784 1346 effodiunt
814 1287 1107 1346 carbones
1136 1295 1390 1360 terreoS,
1425 1305 1772 1364 quanquam
1816 1284 2027 1344 fodina

284 1400 484 1460 neque
514 1381 720 1440 clausa
749 1390 882 1440 erat
911 1400 1109 1459 neque
1140 1380 1418 1454 obscura,
1453 1381 1563 1440 sed
1601 1388 1671 1439 ut
1709 1380 1774 1438 in
1805 1379 2028 1456 aquula

287 1495 423 1554 quae
461 1475 526 1536 in
563 1476 756 1536 fundo
798 1485 930 1535 erat
970 1485 1284 1554 tamquam
1327 1476 1392 1535 in
1438 1475 1684 1554 speculo
1714 1473 2025 1533 videretur

287 1570 529 1644 coelum,
562 1581 767 1630 tamen
800 1571 930 1628 sine
958 1570 1139 1629 ullius
1171 1570 1432 1630 suctoris
1463 1590 1650 1648 opera
1687 1569 2025 1641 candelam,

285 1664 555 1744 inquam,
581 1674 910 1743 antequam
940 1665 1218 1743 pervenit
1249 1664 1328 1724 ad
1349 1665 1614 1748 mediam
1637 1663 2027 1724 altitudinem

285 1758 531 1832 fodinae,
571 1760 734 1819 intra
780 1759 1045 1838 spatium
1094 1760 1496 1819 semi-minuti
1546 1761 1714 1819 horae
1752 1758 1878 1818 vidi
1924 1778 2028 1817 ex-

285 1854 563 1914 tinctam.

368 1947 447 2009 B.
495 1949 802 2008 Carbones
860 1949 1097 2028 ligneos
1155 1950 1313 2009 bene
1371 1970 1659 2010 accensos
1712 1949 2026 2020 demiSSOS‚

286 2053 359 2102 ut
389 2043 674 2116 diximus,
698 2043 762 2102 in
793 2044 1109 2123 recipienS,
1134 2045 1211 2104 ab
1241 2045 1416 2105 initio
1448 2044 1743 2104 suctionis
1764 2043 2027 2102 vidimus

290 2137 499 2196 statim
526 2138 942 2216 languescere,
975 2147 1036 2197 et
1066 2148 1209 2217 post
1252 2138 1516 2217 spatium
1545 2138 1730 2198 trium
1760 2139 2029 2197 minuto-

286 2252 424 2291 rum
454 2252 579 2292 non
609 2232 881 2311 potuisse
910 2232 1117 2311 ignem
1146 2233 1404 2311 amplius
1433 2233 1647 2292 videri.

371 2326 453 2386 A.
501 2327 813 2386 Carbones
862 2337 1096 2387 terreos
1147 2328 1304 2387 bene
1353 2348 1660 2401 accenSOS,
1711 2327 2026 2400 demiSSOS,

284 2430 357 2481 ut
384 2421 568 2482 modo
601 2421 745 2494 dixi,
777 2422 839 2481 in
873 2422 1131 2482 eandem
1159 2422 1451 2495 fodinam,
1484 2422 1610 2481 vidi
1653 2423 1851 2501 primo
1898 2422 2028 2481 lan-

285 2535 594 2594 guescere,
628 2515 848 2575 deinde
880 2516 1047 2576 intra
1084 2517 1344 2595 spatium
1393 2518 1580 2577 trium
1624 2517 1721 2576 vel
1766 2528 2028 2595 quatuor

286 2610 663 2670 minutorum
722 2631 846 2670 non
903 2612 1175 2690 potuisse
1226 2612 1432 2690 ignem
1485 2611 1680 2671 videri
1726 2611 2025 2689 amplius3

288 2715 558 2765 attamen
603 2705 767 2764 intra
811 2706 1175 2765 tantundem
1218 2707 1531 2785 temporis,
1580 2726 1612 2764 e
1662 2705 1872 2765 fodina
1923 2725 2027 2764 ex-

288 2807 540 2872 tractos,
572 2820 781 2864 rursus
811 2801 1148 2879 ignescere.

371 2893 470 2952 B..
500 2894 775 2973 Contigit
832 2895 996 2954 idem
1055 2895 1419 2954 carbonibus
1484 2915 1725 2974 quoque
1750 2939 1752 2941 -
1779 2894 2022 2962 nostris,

290 2986 558 3046 immisso
589 3008 748 3047 aere.
837 2989 1068 3049 Mirum
1113 2990 1179 3049 ni
1222 2990 1388 3049 illam
1428 2989 1701 3049 fodinam
1740 2989 2025 3048 machina

291 3090 500 3140 nostra
527 3081 817 3142 imitetur.

377 3174 459 3233 A.
504 3176 720 3234 Procul
752 3176 935 3236 dubio
964 3178 1262 3251 imitatur,
1293 3178 1412 3237 nisi
1452 3178 1616 3256 quod
1644 3178 1870 3237 fodinae
1906 3177 2024 3236 illae

292 3288 416 3327 non
446 3270 611 3327 omni
641 3280 913 3349 tempore
945 3275 1430 3352 experimentum
1460 3274 1765 3332 exhibent.
1840 3273 2026 3331 Utro-

291 3362 476 3439 bique
506 3364 667 3422 enim
703 3366 1006 3426 extinctio
1057 3369 1216 3447 ignis
1253 3368 1510 3427 eandem
1540 3369 1726 3427 habet
1758 3386 2022 3426 causam.

295 3457 477 3517 Quod
508 3458 592 3516 sic
621 3458 941 3537 intelliges.
1029 3462 1272 3534 Aerem,
1325 3483 1503 3541 quem
1552 3463 1614 3521 vi
1658 3482 1776 3539 qua
1819 3470 2026 3519 suctor

293 3551 355 3610 in
409 3551 682 3629 cylindro
742 3573 912 3613 aeneo
960 3557 1305 3616 retractus*
1353 3557 1593 3635 ingredi
1651 3555 1818 3632 cogit
1867 3554 2027 3611 inter

813 3709 840 3737 ᾖ
881 3709 960 3757 Sic
980 3710 1109 3758 Edit.
1142 3714 1261 3759 1661
1292 3721 1339 3759 et
1369 3713 1508 3758 1668.
