2462 4120
437 357 555 409 254
964 371 1052 411 DE
1090 371 1370 414 NATURA
1400 372 1624 414 AERIS.

435 508 671 586 explica
718 528 863 587 ergo
902 511 1099 588 primo
1131 532 1239 590 per
1270 513 1637 592 hypotheses
1675 521 1829 585 tuaS,
1873 513 1922 571 si
1966 523 2159 592 poteS,

436 621 622 680 quare
652 601 716 660 id
745 603 823 662 sit
851 606 1276 665 necessarium.

516 693 593 755 A.
641 696 948 757 Quoniam
969 719 1077 776 per
1100 700 1358 758 suctoris
1382 701 1815 759 retractionem
1846 721 1950 760 aer
1970 703 2157 779 purus

434 789 729 868 impulsus
772 802 922 864 erat,
969 803 1175 871 partes
1217 803 1423 852 autem
1462 804 1678 853 terreae
1717 795 1990 873 impulsae
2031 815 2159 854 non

434 892 627 957 erant,
685 887 879 964 major
937 895 1069 945 erat
1115 887 1272 944 ratio
1318 886 1753 964 particularum
1802 899 2157 959 terrearum,

434 997 570 1054 quae
620 987 791 1038 extra
831 979 1172 1058 cylindrum
1218 979 1445 1038 suctori
1481 981 1787 1059 contiguae
1837 990 2030 1055 erant,
2080 983 2160 1041 ad

431 1091 636 1131 aerem
686 1093 927 1150 purum,
980 1073 1041 1131 in
1092 1093 1213 1149 quo
1259 1082 1494 1131 motum
1541 1093 1717 1132 suum
1774 1077 2157 1149 exercebant,

430 1175 571 1243 post
620 1168 1027 1227 revulsionem
1079 1187 1261 1244 quam
1310 1175 1471 1225 ante.
1583 1168 1787 1227 Quare
1842 1170 2158 1247 particulae

431 1259 551 1319 illae
589 1270 792 1333 motae,
834 1261 1032 1318 minus
1078 1260 1375 1319 habentes
1420 1261 1539 1319 loci
1582 1261 1661 1319 ad
1705 1271 1938 1321 motum
1984 1283 2160 1323 suum

430 1355 770 1413 naturalem
815 1353 1241 1425 exercendum,
1273 1354 1406 1413 aliae
1446 1354 1578 1413 aliis
1618 1355 2054 1434 impingebant,
2099 1367 2161 1417 et

430 1448 868 1527 propellebant.
975 1447 1239 1507 Necesse
1298 1468 1444 1527 ergo
1502 1458 1633 1508 erat
1699 1459 1770 1509 ut
1824 1451 2159 1529 particulae,

433 1563 569 1621 quae
614 1542 870 1602 suctoris
914 1543 1255 1620 superficiei
1294 1543 1599 1621 contiguae
1631 1554 1823 1618 erant,
1856 1553 2160 1611 suctorem

430 1637 857 1716 propellerent.
921 1636 1106 1697 Quod
1136 1646 1230 1695 est
1260 1637 1458 1715 ipsum
1485 1637 1952 1715 phaenomenon.
2020 1639 2159 1699 Hoc

433 1740 637 1790 autem
680 1730 1138 1789 connotandum
1169 1740 1278 1803 est,
1320 1731 1483 1809 quod
1519 1751 1556 1791 a
1595 1742 1880 1811 surgente
1919 1742 2158 1793 suctore

429 1845 533 1884 aer
562 1825 664 1903 qui
702 1834 835 1884 erat
871 1825 1034 1884 intra
1073 1826 1436 1905 cylindrum,
1478 1826 1690 1886 eadem
1735 1827 1852 1902 via,
1899 1849 2019 1908 qua
2066 1828 2159 1887 in-

430 1919 633 1991 travit,
665 1919 1126 1997 exprimeretur.

512 2012 589 2072 B.
635 2014 795 2072 Fieri
837 2014 1082 2093 quidem
1130 2015 1218 2075 ita
1261 2035 1440 2094 posse
1486 2015 1662 2075 facile
1707 2014 1919 2085 video余
1963 2036 2160 2096 neque

429 2107 553 2166 illic
583 2108 911 2187 quicquam
940 2109 1117 2169 video
1149 2110 1422 2170 mirabile
1456 2119 1681 2189 praeter
1729 2110 1922 2189 ipsam
1969 2111 2162 2190 hypo-

429 2202 669 2261 thesim.
757 2203 960 2263 Quam
1000 2213 1205 2264 tamen
1244 2206 1444 2264 minus
1485 2205 1792 2283 aliquanto
1822 2205 2160 2265 mirabilem

431 2314 562 2353 esse
593 2295 809 2366 fateor,
840 2316 1022 2375 quam
1052 2307 1144 2357 est
1180 2298 1516 2377 suppositio
1551 2307 1763 2357 nostra
1793 2297 1867 2357 de
1907 2299 2062 2358 aeris
2101 2299 2162 2358 vi

429 2388 696 2449 elastica.

513 2481 591 2542 A.
639 2483 725 2543 Ut
754 2504 1003 2562 operum
1035 2493 1271 2545 naturae
1298 2484 1664 2543 mirabilium
1695 2504 1893 2544 causae
1922 2504 2160 2564 quoque

431 2577 554 2636 sint
589 2579 915 2652 mirabileS,
956 2600 993 2639 a
1030 2580 1270 2640 ratione
1320 2579 1583 2638 alienum
1627 2599 1753 2638 non
1793 2589 1919 2648 est余
1964 2599 2161 2659 neque

429 2671 693 2731 hominis
722 2672 1069 2752 philosophi
1109 2694 1237 2733 esse
1273 2693 1509 2746 cense0,
1541 2693 1866 2752 corporum
1895 2694 2162 2752 quorun-

431 2766 590 2840 dam,
642 2777 715 2826 ut
764 2768 905 2827 solis
965 2778 1027 2829 et
1076 2769 1407 2841 stellarum,
1466 2767 1771 2827 mirabiles
1822 2788 2162 2846 supponere

429 2861 901 2939 magnitudineS,
969 2872 1183 2922 contra
1242 2882 1387 2922 vero
1444 2861 1749 2921 mirabiles
1801 2862 2162 2940 exiguitates

428 2973 553 3013 non
616 2955 942 3015 admittere
975 2979 990 3014 :
1055 2977 1196 3016 cum
1241 2955 1487 3014 virtutis
1563 2955 1834 3034 ejusdem
1905 2956 2162 3015 infinitae

429 3048 508 3108 sit
552 3057 809 3128 utraque
862 3070 1090 3123 creare,
1142 3059 1271 3110 tam
1321 3049 1588 3109 maxima
1637 3070 1819 3130 quam
1872 3050 2159 3120 minima3

428 3150 491 3202 et
546 3143 964 3204 mirandorum
1036 3146 1362 3204 effectuum
1433 3163 1646 3203 causas
1717 3144 1974 3204 reddere
2031 3145 2161 3204 sine

427 3237 721 3297 mirandis
777 3238 1238 3317 hypothesibUS,
1306 3239 1385 3298 sit
1442 3239 1834 3318 impossibile.
1950 3239 2159 3317 Hypo-

427 3332 649 3392 thesim
678 3332 1014 3411 legitimam
1042 3334 1278 3393 faciunt
1314 3334 1449 3393 duae
1486 3354 1625 3402 res余
1671 3354 1923 3413 quaram
1963 3334 2162 3412 prima

427 3436 539 3499 est,
563 3436 633 3486 ut
661 3427 741 3486 sit
771 3427 1210 3506 conceptibilis,
1236 3428 1301 3487 id
1330 3436 1438 3500 est,
1463 3448 1589 3488 non
1619 3427 1915 3496 absurda3
1947 3427 2158 3499 altera,

427 3529 497 3580 ut
526 3522 601 3581 ab
633 3542 704 3581 ea
735 3541 1027 3581 concessa
1055 3522 1267 3581 inferri
1296 3523 1488 3600 possit
1529 3522 1915 3600 phaenomeni
1949 3541 2158 3581 neces-

432 3615 599 3675 sitas.
689 3615 926 3675 Harum
955 3615 1152 3695 prima-
1180 3625 1347 3676 caret
1374 3616 1728 3695 hypothesis
1758 3625 1996 3685 vestra余
2041 3614 2158 3674 nisi
