2462 4120
585 394 1110 438 MATHEMATICAE
1146 396 1551 437 HODIERNAE.
1841 380 1954 446 157

215 558 397 618 quam
456 535 795 595 duodecem
855 534 1133 593 inseruit.
1242 534 1546 612 Deinceps
1606 543 1810 593 autem
1861 554 1955 593 re-
2017 553 2265 587 DlALOGUS

215 639 519 710 sumptam
563 629 820 688 eandem
864 628 1277 706 aequationem
1315 638 1498 686 vexat
1543 628 1789 702 frustra,
1840 649 1955 688 nec
2025 681 2031 690 .
2110 622 2175 652 W·
2250 676 2262 689 ,

219 725 550 806 quidquam
581 723 781 783 adhuc
813 723 965 782 certi
995 722 1207 801 prodit
1236 723 1514 781 Proteus,

302 818 383 878 B.
427 819 830 877 Transeamus
877 837 1024 895 ergo
1077 816 1156 876 ad
1197 836 1270 875 ea
1328 835 1464 895 quae
1510 815 1697 874 habet
1744 824 1959 875 contra

217 912 656 991 Meybomium.

299 1007 378 1068 A.
426 1008 726 1067 Praetereo
758 1006 861 1065 illa
901 1026 1037 1084 quae
1088 1026 1163 1064 ex
1203 1004 1557 1083 Meybomio
1596 1005 1772 1063 affert
1820 1024 1960 1082 pro-

215 1103 417 1184 prium
446 1102 764 1161 inventum
801 1101 1131 1160 extollente
1155 1127 1169 1169 ;
1221 1099 1390 1175 (nam
1414 1107 1476 1158 et
1499 1097 1808 1156 Wallisius
1835 1119 1960 1157 non

217 1199 419 1258 minus
486 1196 771 1275 gloriose,
846 1205 907 1255 et
976 1196 1170 1254 multo
1244 1193 1438 1272 magis
1503 1192 1960 1264 contumeliose,

219 1293 430 1354 scribit
461 1312 642 1370 quam
675 1291 1086 1370 Meybomius)
1115 1317 1129 1359 ;
1177 1298 1238 1349 et
1268 1287 1438 1361 illud,
1470 1287 1637 1366 quod
1660 1307 1785 1346 non
1818 1287 1963 1346 satis

221 1387 557 1465 distinguat
602 1385 988 1465 Meybomius
1041 1386 1203 1444 inter
1246 1395 1296 1442 τὸ
1343 1394 1436 1442 ἀπὸ
1478 1392 1539 1442 et
1577 1394 1627 1440 τὸ
1652 1393 1775 1440 ima:
1823 1382 1965 1460 quia

220 1501 483 1561 propero
539 1480 619 1539 ad
670 1500 742 1539 ea
792 1500 928 1558 quae
980 1479 1193 1538 scribit
1239 1478 1314 1537 de
1365 1487 1588 1537 natura
1638 1477 1963 1535 rationum.

222 1576 492 1639 Primum
542 1574 732 1654 igitur
803 1574 969 1653 quod
1035 1572 1431 1652 reprehendit
1484 1570 1815 1645 WallisiuS,
1876 1581 1967 1630 est

225 1670 390 1752 quod
418 1669 687 1729 Euclidis
710 1669 862 1729 illud
886 1670 950 1728 in
976 1668 1333 1728 definitione
1359 1667 1634 1739 rationis,
1659 1682 1766 1726 ποιὰ
1787 1680 1966 1743 σχέσις,

223 1766 408 1826 vertit
448 1784 557 1844 per
596 1772 770 1824 certa
811 1764 1086 1844 qaoedam
1130 1763 1380 1836 relatiO,
1422 1772 1752 1841 propterea
1804 1763 1969 1840 quod

221 1871 352 1919 ποιὸν
401 1858 767 1939 qualitatem
818 1858 1104 1939 respicit.
1217 1858 1282 1918 Si
1334 1858 1481 1937 quid
1527 1857 1804 1937 peccavit
1850 1858 1968 1917 hoc

222 1958 358 2018 loco
403 1957 809 2036 Meybomius,
858 1967 1181 2035 peccatum
1237 1965 1331 2015 est
1375 1956 1540 2035 quod
1585 1955 1756 2028 illud,
1807 1956 1970 2034 quod

225 2052 514 2112 Euclides
565 2051 1050 2130 insignificanter
1098 2051 1355 2124 dixerat,
1403 2051 1469 2110 id
1520 2050 1714 2110 voluit
1767 2050 1970 2110 dicere

223 2146 586 2207 accuratius.
682 2146 970 2206 Verteret
1013 2146 1324 2205 Wallisius
1363 2145 1780 2206 habitudinem
1827 2167 1971 2225 qaa-

225 2241 554 2314 litativam,
586 2261 936 2320 quanquam
998 2240 1380 2321 qualitativa
1423 2261 1543 2301 vox
1583 2241 1803 2300 Latina
1847 2261 1971 2300 non

225 2336 324 2410 sit,
358 2356 558 2415 neque
588 2335 1007 2415 intelligibilis.
1100 2334 1418 2395 Habitudo
1449 2344 1656 2395 autem
1687 2336 1751 2395 in
1780 2337 1973 2414 quali-

223 2431 454 2491 tatibus
479 2430 633 2489 nihil
662 2430 828 2490 aliud
860 2440 952 2489 est
985 2450 1168 2508 quam
1198 2431 1465 2500 habituS,
1488 2430 1552 2489 id
1576 2440 1689 2503 est,
1708 2430 1971 2490 facilitas

225 2525 448 2604 agendi
493 2525 930 2584 consuetudine
977 2526 1295 2604 acquisita.
1386 2526 1545 2599 Hoc,
1577 2526 1852 2605 inquam,
1884 2526 1974 2586 ita

229 2628 322 2679 est
364 2619 600 2678 Latine.
687 2620 875 2698 ErgO,
907 2620 1245 2679 secundum
1275 2620 1637 2694 Wallisium,
1669 2622 1829 2681 ratio
1878 2633 1972 2681 est

231 2713 491 2773 duarum
555 2715 1041 2795 magnitudin-am
1106 2715 1618 2796 homogenearam
1686 2738 1762 2776 ea
1822 2738 1970 2796 qaOE,

232 2808 554 2868 secandam
610 2810 1028 2888 quantitatem,
1073 2818 1167 2869 est
1194 2809 1506 2889 facilitas
1550 2812 1787 2892 agendi
1836 2832 1974 2870 con-

233 2901 550 2961 suetudine
581 2904 907 2983 acquisita.
999 2905 1140 2966 Qua
1178 2904 1534 2964 definitione
1584 2906 1733 2984 quid
1771 2915 1975 2984 potest

237 3014 369 3054 esse
409 2997 602 3075 magis
649 2999 1016 3059 ridiculum?
1104 3000 1248 3059 Non
1283 3001 1554 3079 respexit
1584 3002 1867 3061 Euclides
1897 2999 1972 3059 ad

235 3088 775 3168 praedicamentum
833 3094 1165 3172 qualitatiS,
1224 3095 1288 3153 in
1339 3115 1489 3154 voce
1534 3111 1659 3168 ποιὰ,
1719 3096 1826 3155 sed
1897 3095 1976 3154 ad

236 3203 451 3243 vocem
480 3184 544 3244 in
585 3188 960 3247 enuntianda
1004 3191 1314 3249 rationum
1354 3191 1752 3251 similitudine
1790 3192 1974 3270 vulgo

238 3279 548 3349 usitatam,
576 3288 712 3344 οὕτως
735 3289 848 3356 ἕχει,
881 3293 948 3343 ut
977 3284 1042 3343 in
1071 3285 1558 3363 praecedentibus
1589 3286 1973 3352 notavimus;

239 3383 422 3452 atque
467 3373 610 3432 inde
657 3373 870 3436 definit
915 3379 1214 3439 rationem
1252 3400 1363 3459 per
1394 3380 1654 3460 aliquem
1684 3380 1975 3449 habitum,

242 3487 368 3539 seu,
400 3467 564 3545 quod
594 3468 868 3530 hocloco
893 3471 1057 3531 1(10111
1080 3484 1191 3546 est,
1211 3494 1322 3552 per
1343 3474 1621 3533 habitum
1649 3473 1973 3553 quendam,

246 3560 550 3638 (subaudi,
581 3562 784 3622 nescio
816 3567 1047 3643 quem).
1136 3568 1388 3627 Rectius
1421 3588 1566 3646 ergo
1591 3566 1976 3646 Meybomius

242 3656 546 3716 rationem
606 3655 882 3717 definivit
934 3679 1115 3737 quam
1169 3671 1276 3721 aut
1326 3660 1633 3721 Wallisius
1687 3670 1793 3720 aut
1849 3660 1977 3738 ipse
