2462 4120
603 362 715 416 104
952 374 1400 419 EXAMINATIO
1436 378 1519 418 ET
1553 377 1964 420 EMENDATIO

286 532 535 568 mALoGth
598 512 946 586 dodranteS,
978 524 1321 594 caeteraque
1350 515 1695 594 fragmenta
1733 515 1898 588 assiS,
1942 515 2143 574 minus
2186 535 2329 594 pro-

292 659 299 670 ,
379 602 454 633 ΠΙ·
521 658 529 668 ,
597 607 728 686 prie
756 609 995 667 numeri
1026 611 1407 688 appellantur
1429 609 1767 682 unciarum,
1794 610 2183 682 sextantium,
2204 611 2330 682 &c.,

599 721 782 780 quam
821 702 1123 775 animalia,
1167 722 1456 763 numerus
1503 703 1872 762 animalium.
1961 703 2173 782 Capite
2227 702 2332 762 de-

598 796 757 855 cimo
787 796 970 855 tertio
1000 798 1265 856 traditur
1293 798 1661 857 fractionum
1685 797 2146 856 scribendarum
2174 797 2331 856 ratio

599 890 813 950 eadem
844 910 1028 968 quam
1055 892 1239 969 vulgo
1270 892 1490 963 sciunt,
1516 901 1742 969 praeter
1771 892 2151 950 notationem
2178 891 2336 950 frac-

598 985 834 1044 tionum
883 985 1386 1064 algebraicarum,
1447 1005 1597 1063 quas
1643 1004 1823 1043 nemo
1875 984 2164 1063 intelligit
2218 984 2336 1043 nisi

600 1078 845 1138 aliunde
876 1078 1111 1139 doctus,
1202 1080 1355 1140 Quis
1387 1080 1550 1138 enim
1578 1079 1870 1158 intelligit
1900 1078 2064 1157 quod
2093 1086 2130 1138 2
2167 1078 2262 1148 Qu
2294 1103 2324 1133 ÷

604 1215 640 1266 3
664 1206 723 1266 R
764 1206 929 1266 idem
957 1208 1155 1267 valeat
1186 1208 1350 1286 quod
1371 1189 1394 1288 Ξ
1413 1189 1451 1288 ἓ
1473 1172 1581 1240 ³³}
1605 1253 1622 1278 ,
1669 1206 1787 1266 nisi
1834 1207 1938 1285 qui
1985 1217 2128 1267 ante
2157 1207 2222 1267 id
2252 1207 2340 1267 di-

604 1311 871 1372 dicisset.

689 1406 770 1467 B.
817 1406 939 1466 Sed
976 1427 1111 1485 quae
1155 1408 1368 1486 regula
1411 1416 1501 1467 est
1548 1406 1863 1467 divisionis
1906 1427 2015 1485 per
2045 1405 2339 1486 symbola,

604 1500 931 1561 accurata?

689 1595 772 1656 A.
817 1596 1150 1655 Differatur
1205 1597 1324 1655 hoc
1381 1596 1461 1655 ad
1529 1596 2041 1655 examinationem
2109 1594 2344 1674 Capitis

605 1689 897 1762 vicesimi,
929 1690 994 1748 id
1023 1702 1135 1763 est,
1167 1691 1246 1750 ad
1288 1692 1492 1750 locum
1522 1691 1860 1770 proprium.
1946 1690 2344 1750 Examinetur

603 1786 730 1863 jam
762 1784 961 1861 Caput
998 1783 1300 1843 decimum
1331 1785 1619 1854 tertium;
1663 1785 1770 1844 ubi
1808 1785 2006 1863 primo
2047 1785 2184 1844 loco
2214 1803 2345 1842 mo-

610 1879 756 1938 dum
796 1877 977 1936 docet
1017 1877 1478 1938 demonstrandi
1523 1880 1897 1939 additionem
1939 1898 2346 1951 numerorum,

609 1981 679 2031 ut
729 1981 1044 2041 vocantur,
1093 1971 1449 2052 digitorum.
1579 1973 1780 2046 Verbi,
1839 1973 2039 2051 inquit
2080 1973 2301 2054 gratia
2324 1995 2348 2040 ,-

613 2074 864 2140 2÷3=5,
894 2066 988 2125 sie
1018 2067 1494 2128 demonstratur.
1588 2068 1906 2127 Ponantnr
1932 2068 2203 2148 primum
2232 2067 2352 2126 dno

602 2169 863 2241 puncta,
893 2168 954 2219 et
985 2160 1208 2220 deinde
1239 2162 1388 2235 tria,
1420 2184 1555 2242 quse
1584 2163 1802 2236 omnia,
1846 2162 1903 2220 si
1937 2170 2350 2235 numerentur,

613 2255 1006 2334 reperientur
1064 2255 1340 2335 quinque.
1457 2257 1634 2315 Libet
1690 2256 1790 2316 hic
1858 2275 2152 2335 quaerere,
2211 2275 2352 2316 cum

614 2349 780 2409 dicat
811 2350 976 2428 quod
1005 2351 1398 2430 reperientur
1419 2352 1705 2432 quinque,
1731 2372 1768 2410 a
1799 2371 1918 2429 quo
1950 2351 2350 2430 reperientur.

615 2445 840 2504 Utrum
869 2445 943 2504 ab
975 2464 1047 2503 eo
1080 2444 1184 2523 qui
1214 2445 1349 2518 scit,
1381 2446 1478 2504 vel
1509 2447 1585 2505 ab
1622 2466 1694 2505 eo
1738 2447 1842 2525 qui
1882 2445 2096 2517 nescit,
2128 2445 2249 2504 duo
2290 2453 2351 2503 et

613 2539 733 2598 tria
763 2558 892 2598 esse
924 2538 1231 2616 quinque?
1322 2539 1387 2598 Si
1415 2540 1491 2598 ab
1524 2560 1595 2598 eo
1621 2540 1726 2618 qui
1757 2540 1889 2612 scit,
1920 2539 1985 2598 id
2014 2539 2070 2597 ei
2099 2538 2349 2597 demon-

614 2642 874 2692 stratum
915 2640 1046 2691 erat
1090 2643 1238 2691 tunc
1284 2652 1425 2692 cum
1471 2633 1753 2692 nesciret.
1844 2633 1965 2693 Sed
2009 2634 2113 2711 qui
2150 2633 2352 2712 potuit

615 2729 679 2788 id
718 2729 854 2788 fieri
892 2727 1270 2787 numerando
1315 2727 1392 2787 ab
1437 2748 1507 2787 eo
1546 2727 1650 2806 qui
1693 2727 1878 2786 sciret
1915 2737 2156 2787 tantum
2203 2727 2352 2805 quid

616 2833 819 2883 essent
859 2823 978 2882 duo
1009 2830 1071 2881 et
1109 2822 1248 2893 tria,
1284 2823 1563 2881 nesciens
1612 2822 1757 2899 quid
1800 2830 2003 2881 essent
2038 2820 2349 2901 quinque?

615 2918 803 2977 Vides
834 2937 979 2995 ergo
1007 2926 1079 2976 ut
1107 2925 1392 2995 nugatur.

703 3011 785 3071 B.
833 3011 955 3074 Sed
984 3030 1193 3090 perge.

698 3104 775 3165 A.
833 3106 945 3165 Vel
969 3105 1083 3165 sie.
1161 3104 1462 3174 Quoniam
1497 3112 1696 3163 notum
1731 3113 1825 3164 est
1863 3126 1939 3164 ex
1971 3105 2114 3186 ipsa
2151 3125 2353 3164 nume-

618 3220 827 3259 rorum
849 3199 1314 3280 procreatione,
1347 3219 1527 3277 qnam
1563 3197 1790 3278 Capite
1829 3199 2041 3278 quinto
2082 3199 2354 3259 tradidi-

616 3315 764 3369 ηεαδ,
824 3294 988 3373 qnod
1039 3293 1394 3353 sit1÷1=2
1427 3301 1490 3352 et
1518 3301 1765 3353 2÷l=3
1814 3301 1876 3353 et
1924 3302 2007 3354 4÷
2031 3302 2187 3368 1=5,
2237 3293 2351 3371 ᾇτ’.

615 3396 796 3448 erunt
823 3388 1009 3447 etiam
1039 3394 1496 3455 2÷3=1÷1÷3;
1543 3396 1604 3446 et
1635 3396 1918 3458 3÷1=43
1965 3397 2027 3448 et
2054 3396 2313 3448 4÷-1=5.

702 3482 1026 3545 Quomodo
1056 3492 1262 3542 autem
1289 3493 1506 3542 notum
1537 3492 1631 3542 est
1671 3503 1779 3562 per
1810 3484 1960 3563 Cap.
1983 3504 2041 3544 v.
2074 3482 2242 3561 quod
2272 3483 2351 3542 sit

616 3577 892 3638 4÷1=5?
981 3578 1146 3637 Num
1176 3577 1235 3636 id
1269 3577 1393 3637 illic
1424 3577 1919 3638 demonstratur?
2006 3577 2119 3638 Vel
2155 3577 2205 3637 si
2247 3577 2350 3636 de-

617 3680 1009 3746 monstretur,
1042 3691 1116 3731 ex
1148 3671 1366 3750 quibus
1395 3670 1750 3750 principiis?
