2462 4120
537 376 1065 420 MATHEMATICAE
1102 377 1507 421 HODIERNAE.
1812 360 1892 425 27

159 519 414 601 produci
464 517 688 597 potuit.
799 516 967 577 Quot
1016 524 1159 575 sunt
1204 535 1351 594 ergo
1394 536 1601 575 rerum
1640 516 1892 596 species,
1956 534 2208 570 mAnoGus

159 624 255 675 tot
310 621 452 674 sunt
495 612 896 691 philosophiae
948 611 1137 671 totius
1186 620 1393 690 partes
1446 611 1570 670 sive
1621 611 1896 672 scientiae
1963 602 2203 690 b—{d

157 708 575 790 particulares,

238 800 320 863 Β.
367 801 488 863 Sed
519 821 639 880 qua
668 799 958 860 methodo
983 798 1431 879 distinguendae
1462 809 1604 858 sunt
1630 799 1650 858 ?

242 896 324 957 A.
369 895 600 955 Eadem
645 914 766 973 qua
810 893 1275 973 distinguuntur
1316 894 1452 972 ipsa
1493 894 1897 972 phaenomena

158 991 283 1051 sive
318 989 660 1050 accidentia
699 1008 836 1066 quae
860 997 1177 1068 apparent,
1213 987 1525 1061 nimirum,
1548 987 1896 1067 incipiendo

157 1107 195 1147 a
221 1085 484 1146 maxime
515 1084 959 1144 communibus,

240 1181 324 1241 B.
372 1180 529 1242 Quae
560 1188 702 1238 sunt
731 1178 878 1238 illa?

244 1276 326 1335 A.
371 1273 748 1355 Magnitudo
801 1283 862 1333 et
911 1281 1124 1333 motae.
1212 1272 1294 1332 Et
1334 1271 1626 1351 quoniam
1664 1271 1798 1331 haec
1836 1271 1901 1331 in

159 1371 326 1431 omni
349 1389 672 1448 corporum
695 1369 935 1428 actione
959 1369 1245 1427 effectum
1273 1368 1500 1446 partim
1528 1366 1899 1446 producunt,

157 1474 230 1524 ut
272 1477 496 1536 motuS‚
543 1462 767 1542 partim
807 1471 1037 1540 augent
1067 1461 1163 1521 vel
1202 1462 1506 1534 minuunt,
1551 1470 1623 1520 ut
1663 1461 1901 1541 magni-

157 1557 330 1632 tudo,
373 1566 561 1637 prout
604 1558 798 1636 major
843 1565 936 1616 est
975 1557 1071 1616 vel
1100 1557 1320 1627 minor,
1362 1556 1640 1631 scientia,
1684 1557 1748 1616 in
1782 1577 1903 1636 qua

159 1652 643 1713 determinantur
692 1651 1146 1730 magnitudines
1203 1661 1338 1710 tum
1389 1672 1717 1730 corporum
1768 1661 1901 1712 tum

157 1756 456 1819 motuum,
487 1748 684 1826 primo
714 1747 849 1807 loco
879 1745 1165 1824 ponenda
1194 1755 1322 1805 est:
1368 1766 1513 1806 nam
1542 1747 1739 1826 primo
1762 1747 1900 1806 loco

159 1841 448 1902 discenda
477 1852 588 1918 est,
634 1843 859 1922 quippe
897 1841 1061 1921 quod
1092 1842 1223 1902 sine
1262 1842 1367 1902 illa
1396 1851 1636 1904 caeterae
1665 1843 1903 1924 acquiri

158 1956 282 1997 non
312 1944 585 2016 possunt.

239 2032 321 2091 B.
369 2031 639 2091 Scientia
665 2031 797 2091 haec
829 2031 1136 2110 quomodo
1167 2031 1552 2111 appellatur?

244 2126 325 2186 A.
378 2126 750 2186 Geometria.

237 2218 320 2280 B.
365 2221 570 2280 Defini
600 2220 1019 2299 geometriam.

171 2358 173 2361 -
242 2315 323 2375 A.
377 2315 728 2375 Geometria
762 2323 859 2375 est
893 2314 1153 2375 seientia
1188 2314 1639 2377 determinandi
1666 2317 1899 2398 magni-

159 2409 419 2470 tudine-5.

241 2505 324 2565 B.
369 2503 650 2564 Breviter
680 2503 926 2583 quidem
958 2505 1124 2578 satie,
1165 2505 1274 2565 sed
1307 2526 1527 2585 parum
1557 2507 1898 2586 perspicue.

159 2597 304 2659 Non
347 2599 511 2659 enim
552 2599 830 2678 intelligo
862 2599 1012 2678 quid
1056 2600 1135 2660 sit
1170 2601 1654 2681 magnitudinem
1697 2602 1901 2662 deter-

159 2713 414 2753 minare.

246 2788 329 2848 A.
374 2787 869 2867 Magnitudinem
916 2788 1344 2864 determinare,
1391 2790 1556 2851 idem
1602 2801 1696 2851 est
1736 2791 1901 2872 quod

163 2882 484 2942 ostendere
515 2891 742 2961 quanta
772 2882 870 2942 sit.

243 2978 322 3039 B.
368 2979 692 3041 Quomodo
740 2988 946 3041 autem
987 2981 1333 3042 ostenditur
1372 2984 1467 3043 vel
1509 2983 1902 3063 cognoscitur

163 3074 519 3151 magnitudo
550 3075 846 3153 exposita,
879 3085 1107 3155 quanta
1137 3077 1216 3136 sit
1242 3076 1261 3135 ?

249 3166 330 3226 A.
376 3167 801 3248 Comparando
827 3190 961 3229 eam
981 3191 1120 3230 cum
1140 3172 1565 3251 magnitudine
1588 3172 1708 3232 alia
1730 3190 1901 3230 men-

165 3268 388 3334 surata,
434 3263 530 3321 vel
576 3283 712 3342 quae
756 3264 980 3324 habeat
1025 3265 1104 3324 ad
1142 3275 1558 3325 mensuratam
1596 3266 1900 3325 rationem

166 3354 494 3432 cognitam.
583 3357 799 3435 Itaque
848 3359 1189 3436 geometria
1248 3359 1489 3419 definiri
1531 3369 1735 3438 potest
1775 3359 1896 3417 sic:

162 3447 507 3529 geometria
528 3457 621 3508 est
643 3449 928 3524 scientia,
942 3473 1068 3532 per
1086 3474 1261 3532 quam
1281 3453 1699 3534 cognoscimus
1723 3471 1898 3530 mag-

166 3539 505 3600 nitudinum
533 3540 695 3600 inter
713 3562 781 3601 se
798 3544 1095 3604 rationes,
1185 3546 1306 3606 Sed
1329 3546 1618 3625 quoniam
1642 3565 1729 3604 eae
1753 3564 1896 3621 cog-

165 3634 335 3695 nosci
364 3654 488 3694 non
517 3644 791 3713 possunt,
814 3637 930 3696 nisi
954 3639 1230 3716 exposita
1254 3640 1333 3700 sit
1357 3640 1665 3717 quantitas
1694 3637 1898 3715 aliqua
