2462 4120
704 378 1167 423 PROBLEMATA
1198 379 1517 423 PHYSICA.
1857 370 1967 424 321

188 571 190 574 >
251 531 515 595 suctore,
544 528 783 581 tantum
806 518 1223 597 impelleretur
1254 519 1411 577 aeris
1435 526 1728 597 quantum
1749 520 1976 581 viribus

249 618 367 678 illis
396 614 768 687 conveniret,
799 614 1016 694 quibus
1046 632 1150 672 aer
1177 622 1429 692 propter
1460 615 1719 674 suctoris
1748 625 1976 676 retrac-

249 713 481 773 tionem
537 709 925 790 reprimitur:
988 707 1173 786 idque
1224 707 1354 766 sine
1406 708 1571 766 omni
1624 708 1977 771 difficultate

251 806 536 867 sensibili.
625 806 874 866 Quanto
916 812 1118 863 autem
1158 802 1556 862 interstitium
1594 803 1744 863 illud
1781 806 1978 866 minus

250 909 428 974 esset,
460 909 633 960 tanto
665 898 1090 979 ingrederetur
1119 917 1222 957 aer
1250 897 1537 958 velocius
1615 898 1729 956 Vel
1759 899 1808 957 si
1837 919 1980 959 con-

250 1004 451 1056 tactus
482 995 579 1068 sit,
611 993 718 1054 sed
748 1014 872 1053 non
901 1013 1012 1072 per
1056 993 1261 1052 omnia
1301 1001 1550 1071 puncta,
1599 992 1783 1050 etiam
1834 1003 1980 1053 tunc

249 1091 503 1151 intrabit
554 1109 677 1163 aer,
735 1087 920 1148 modo
973 1097 1179 1148 suctor
1224 1088 1455 1167 majore
1505 1087 1565 1146 vi
1616 1087 1980 1146 retrahatur.

250 1187 568 1247 Postremo
600 1183 715 1244 etsi
744 1192 1063 1244 contactus
1091 1183 1316 1262 ubique
1347 1181 1767 1242 exactissimus
1799 1182 1893 1254 sit,
1925 1182 1984 1240 vi

249 1291 456 1342 tamen
481 1281 625 1341 satis
647 1290 828 1340 aucta
843 1300 953 1359 per
977 1279 1286 1339 cochleam
1306 1278 1566 1338 ferream
1588 1286 1720 1337 tum
1751 1277 1984 1336 corium

252 1376 450 1450 cedet,
480 1386 612 1436 tum
641 1375 840 1454 ipsum
865 1395 982 1436 aes:
1028 1383 1212 1454 atque
1233 1374 1320 1434 ita
1344 1393 1583 1453 quoque
1606 1371 1984 1452 ingredietur

252 1491 374 1530 aer.
463 1469 703 1531 Credin'
738 1479 807 1529 tu
835 1469 1119 1549 possibile
1149 1488 1278 1529 esse
1319 1468 1470 1528 duas
1511 1467 1858 1547 superficies
1897 1467 1984 1526 ita

254 1573 466 1624 exacte
496 1583 882 1643 componere,
913 1573 985 1623 ut
1014 1564 1124 1623 has
1168 1563 1536 1642 compositas
1587 1582 1718 1622 esse
1760 1582 1984 1642 suppo-

253 1668 413 1718 nunt
434 1658 557 1717 illi:
604 1666 709 1717 aut
742 1659 975 1717 corium
1013 1658 1100 1717 ita
1138 1657 1360 1717 durum
1400 1677 1529 1717 esse
1570 1666 1640 1717 ut
1683 1658 1829 1731 aeri,
1881 1657 1985 1736 qui

256 1754 521 1814 cochleae
546 1772 661 1832 ope
684 1753 998 1826 incutitur,
1025 1753 1176 1812 nihil
1201 1753 1448 1812 omnino
1474 1750 1691 1813 cedat?
1737 1753 1984 1812 Corium

255 1868 596 1928 quanquam
631 1847 929 1926 optimum
968 1847 1240 1907 admittit
1278 1868 1520 1926 aquam,
1558 1857 1629 1907 ut
1674 1847 1803 1926 ipse
1846 1849 1983 1921 scis,

255 1944 306 2002 si
334 1942 493 2002 forte
515 1941 714 2001 fecisti
737 1962 1007 2020 unquam
1035 1941 1153 2001 iter
1175 1951 1359 2001 vento
1384 1951 1446 2001 et
1467 1942 1671 2021 pluvia
1699 1953 1888 2016 ὑόμενος
1911 1955 1985 2000 καὶ

253 2049 465 2111 ἀήμενος.
550 2037 766 2115 Itaque
799 2036 1077 2096 dubitare
1121 2058 1245 2096 non
1284 2046 1458 2116 potes
1497 2037 1644 2116 quin
1681 2046 1985 2096 retractus

255 2139 463 2190 suctor
490 2140 729 2191 tantum
752 2132 910 2191 aeris
929 2132 994 2191 in
1014 2132 1375 2211 cylindrum,
1395 2131 1666 2211 adeoque
1697 2131 1759 2190 in
1789 2131 1988 2211 ipsum

254 2225 553 2305 recipiens
583 2226 857 2300 incutiat,
889 2235 1183 2306 quantum
1214 2226 1436 2286 sufficit
1471 2226 1548 2286 ad
1586 2227 1788 2286 locum
1833 2247 1989 2286 sem-

254 2339 364 2398 per
402 2320 682 2380 relictum
724 2321 993 2398 perfecte
1035 2320 1432 2400 implendum.
1520 2321 1790 2381 Effectus
1842 2341 1989 2399 ergo

256 2414 359 2492 qui
384 2414 578 2474 oritur
599 2434 636 2473 a
658 2415 1027 2474 retractione
1051 2416 1330 2488 suctoriS,
1352 2415 1504 2475 alius
1533 2436 1658 2475 non
1689 2425 1780 2476 est
1809 2436 1991 2495 quam

255 2517 510 2567 ventus:
554 2518 790 2583 ventus,
822 2510 1091 2588 inquam,
1122 2510 1710 2583 vehementissimus,
1749 2511 1852 2589 qui
1898 2511 1991 2569 in-

257 2602 535 2680 greditur
591 2604 994 2684 undequaque
1058 2605 1219 2664 inter
1275 2606 1535 2665 suctoris
1608 2606 1989 2685 superficiem

260 2715 590 2757 convexam
621 2709 684 2758 et
713 2700 973 2779 cylindri
1001 2701 1154 2760 aenei
1193 2721 1544 2774 concavam,
1573 2701 1988 2780 proceditque,

261 2810 438 2851 versa
478 2792 791 2867 clavicula,
822 2795 886 2854 in
932 2796 1260 2856 cavitatem
1306 2796 1475 2875 globi
1513 2797 1711 2870 vitrei,
1745 2796 1889 2869 sive,
1920 2805 1990 2854 ut

261 2894 535 2958 vocatur,
564 2888 938 2968 recipientis,

344 2977 421 3038 A.
467 2980 723 3040 Causam
751 2982 928 3043 video
959 3003 1122 3043 nunc
1153 2984 1332 3043 unius
1364 3004 1439 3043 ex
1473 2984 1770 3045 machinae
1807 2984 1988 3043 mira-

262 3073 501 3148 bilibus,
533 3073 838 3148 nimirum,
878 3097 986 3136 cur
1024 3087 1230 3137 suctor
1265 3087 1586 3157 postquam
1636 3086 1727 3137 est
1762 3078 1989 3155 aliqua-

263 3175 440 3226 tenus
469 3175 767 3228 retractus
802 3179 865 3229 et
905 3171 1122 3231 deinde
1162 3173 1438 3246 amissus,
1487 3173 1686 3232 subito
1732 3171 1989 3231 recurrit

265 3260 344 3320 ad
375 3260 633 3339 cylindri
662 3264 1087 3327 summitatem.
1174 3267 1335 3326 Nam
1378 3286 1501 3340 aer,
1534 3267 1638 3346 qui
1665 3267 1726 3326 vi
1767 3285 1990 3343 magna

263 3355 558 3434 impulsus
587 3354 805 3430 fuerat,
839 3378 1046 3419 rursus
1088 3380 1197 3438 per
1233 3362 1751 3440 repercussionem
1780 3359 1857 3418 ad
1887 3378 1988 3417 ex-

265 3458 442 3509 terna
469 3449 530 3507 vi
558 3449 782 3508 eademv
798 3452 1144 3513 revertitur.

350 3543 432 3602 B.
478 3543 680 3621 Atque
708 3544 824 3604 hoc
855 3546 1099 3623 quidem
1128 3550 1470 3626 argumenti
1508 3548 1654 3608 satis
1685 3555 1776 3606 est
1806 3546 1989 3603 etiam

266 3636 483 3708 solum,
506 3636 669 3714 quod
689 3637 859 3699 locus
883 3660 919 3699 a
944 3650 1185 3701 suctore
1209 3642 1456 3702 relictus
1481 3662 1602 3702 non
1629 3650 1720 3700 est
1743 3655 1986 3698 vacuus,

432 3748 587 3790 VOL.
615 3750 707 3791 IV.
1780 3750 1824 3791 Y

2054 544 2164 577 CAP.
2191 545 2264 576 III.

2043 600 2280 629 s-—f—-ae

2064 650 2120 685 De
2136 660 2262 684 vacuo.
