2462 4120
181 515 292 548 CAP.
310 517 415 549 XXI.

183 572 420 600 *y-—d

168 625 225 659 De
251 626 429 669 magnitu-

167 679 251 713 dine
268 679 398 714 circuli

166 732 400 780 Hugeniana.

495 347 618 399 452⁴
732 357 820 398 DE
854 357 1236 404 PRINCIPIIS
1271 363 1354 404 ET
1388 361 1990 405 RATIOCINATIONE

489 496 666 556 lineae
696 517 1037 573 commune,
1069 506 1278 560 omnes
1320 501 1440 560 illae
1471 511 1795 580 tangentes
1833 519 2089 562 numero
2129 501 2246 560 111-“λ

489 590 679 650 finitae
709 592 1084 653 constituent
1112 595 1311 672 ipsum
1341 614 1550 653 arcum
1581 596 1765 654 ABC.
1854 596 2017 655 Atlsi
2050 595 2111 654 ,B
2141 595 2245 654 sits

492 694 670 744 extra
717 687 1029 761 circulum,
1071 689 1346 767 quamvis
1394 689 1512 766 ipsi
1555 690 1931 768 contiguum,
1977 688 2223 748 chordae

490 779 620 852 AB,
646 779 750 840 BC
772 782 1063 841 secabunt
1093 781 1388 840 circulum
1416 801 1542 840 non
1571 782 1633 840 in
1661 783 1875 842 eodem
1904 793 2134 862 puncto
2158 782 2223 841 in

492 894 611 952 quo
645 885 885 936 secatur
914 897 951 935 a
979 885 1150 935 recta
1179 876 1299 948 FB,
1324 875 1430 934 sed
1460 877 1782 955 utrobique
1813 878 1969 937 citra
2001 878 2220 956 ipsum.

490 969 690 1029 Docet
733 969 894 1029 enim
947 969 1231 1029 Euclides
1284 969 1480 1047 (prop.
1525 978 1582 1029 2.
1623 971 1814 1031 Elem.
1847 972 1938 1048 iii)
1990 981 2245 1030 rectam·

492 1063 593 1122 CB
619 1072 815 1123 totam
845 1084 975 1123 6556
1004 1065 1168 1123 intra
1197 1063 1513 1136 circulum,
1546 1072 1607 1122 et
1644 1063 1843 1144 (prop.
1882 1072 1975 1125 16.
2006 1065 2097 1124 El.
2129 1063 2219 1140 iii)

489 1164 846 1236 tangentem
877 1177 1006 1217 esse
1037 1166 1231 1216 totam
1261 1165 1434 1215 extra
1457 1156 1771 1216 circulum.
1858 1159 2074 1236 Itaque
2093 1157 2225 1216 nul-

489 1251 550 1311 la
587 1261 756 1312 recta
795 1261 1018 1334 praeter
1065 1251 1164 1310 FB
1204 1251 1468 1310 transire
1513 1260 1721 1330 potest
1771 1271 1881 1330 per
1910 1271 2120 1310 arcum
2164 1259 2227 1310 et

488 1354 845 1425 tangentem
875 1345 953 1405 ad
981 1344 1144 1404 idem
1168 1353 1466 1422 punctum
1492 1344 1562 1416 B,
1586 1364 1805 1424 nempe
1829 1345 1909 1405 ad
1930 1354 2229 1424 punctum

492 1440 658 1520 quod
691 1449 912 1500 vocant
943 1446 1276 1513 contactzw,
1309 1439 1427 1498 nisi
1455 1439 1701 1519 utrique
1724 1439 1902 1499 lineae
1933 1438 2227 1498 attribua-

491 1543 593 1595 tur
620 1533 880 1594 latitudo
912 1533 1130 1613 aliqua.
1896 1527 1898 1529 ’

575 1631 789 1709 Itaque
836 1629 990 1688 falso
1032 1647 1177 1687 usus
1222 1627 1524 1707 principio
1569 1627 1707 1700 hoc,
1752 1633 2052 1706 punctum
2094 1645 2230 1685 esse

491 1725 664 1799 nihil,
685 1734 825 1803 post
853 1723 1077 1783 multas
1109 1722 1661 1782 demonstrationes
1690 1721 1918 1793 intulit,
1944 1719 2228 1797 differen-

493 1820 643 1879 tiam
702 1820 861 1878 inter
919 1817 1169 1878 tertiam
1209 1824 1462 1897 partem
1514 1836 1698 1875 arcas
1749 1813 2117 1895 quadrantis
2169 1819 2231 1871 et

494 1914 808 1986 chordam,
852 1912 942 1972 ad
967 1911 1385 1990 dg‘fferentz'am
1433 1911 1596 1969 inter
1627 1910 1918 1970 chordam
1962 1906 2231 1986 ejusdem

494 2008 701 2067 tertioe
738 2006 953 2088 partis
998 2014 1061 2065 et
1103 2005 1298 2064 sinum
1327 2005 1459 2082 ejas
1495 2003 1648 2081 (sive
1695 2002 2084 2063 semiradium
2114 2000 2232 2059 cir-

496 2102 641 2179 culi)
670 2103 961 2180 majorem
991 2099 1214 2159 habere
1243 2099 1543 2158 rationem
1573 2119 1755 2178 qaam
1785 2105 1820 2156 4
1854 2096 1944 2156 ad
1969 2103 2034 2155 3:
2068 2094 2233 2174 quod

495 2217 620 2257 non
642 2218 859 2276 parum
883 2196 1206 2255 confirmat
1233 2194 1298 2253 id
1322 2193 1484 2273 quod
1506 2193 1772 2252 refutare
1790 2192 2001 2252 voluit.
2049 2188 2234 2251 Quod

497 2301 704 2351 autem
739 2291 947 2350 intulit
994 2298 1224 2349 rectam
1265 2287 1666 2367 compositam
1706 2307 1743 2345 a
1785 2285 1957 2345 radio
1988 2293 2051 2343 et
2096 2293 2240 2349 tana

498 2396 682 2466 gente
715 2392 793 2446 30
824 2384 1126 2464 graduum
1166 2384 1460 2462 majorem
1505 2401 1633 2441 esse
1677 2401 1823 2440 arcu
1854 2377 2231 2458 quadrantiS,

501 2480 791 2559 deceptus
822 2479 989 2552 fecit,
1022 2499 1094 2538 eo
1129 2477 1292 2556 quod
1320 2485 1567 2555 putaret
1596 2475 1835 2534 radium
1866 2472 2079 2533 circuli
2107 2492 2234 2532 non

500 2576 799 2635 minorem
830 2594 959 2633 6556
988 2593 1170 2653 quam
1201 2592 1337 2651 quae
1368 2572 1442 2630 ab
1475 2570 1691 2630 eodem
1732 2577 1945 2629 centro
1976 2566 2056 2626 ad
2101 2575 2235 2626 tan·
2241 2619 2243 2622 ,

501 2679 747 2749 gentem
779 2669 1040 2742 ducitur,
1075 2688 1210 2747 quae
1241 2675 1331 2726 est
1361 2674 1534 2725 extra
1570 2664 1882 2724 circulum.
1971 2660 2235 2721 Consule

501 2765 701 2844 ipsum
731 2764 889 2823 illius
916 2765 1159 2836 librum,
1193 2763 1365 2840 cujus
1389 2759 1538 2819 mihi
1569 2759 1897 2838 exemplar,
1928 2755 2074 2816 dum
2100 2755 2239 2814 haec

503 2858 723 2929 scrib0,
755 2858 923 2918 deest
949 2882 962 2917 :
995 2877 1129 2930 nec,
1161 2857 1211 2916 si
1240 2855 1500 2927 adesset,
1527 2852 2077 2921 demonstrationes
2107 2850 2243 2928 ejus

504 2952 822 3014 commode
850 2952 949 3012 hic
981 2950 1554 3012 transcriberentur.

1208 3159 1530 3168 -.----

1155 3312 1326 3372 CAP.
1376 3309 1584 3370 XXII.

967 3445 1055 3486 DE
1105 3445 1445 3487 SECTIONE
1478 3441 1768 3490 ANGULI.

504 3537 927 3596 REVERTERE
960 3532 1038 3591 ad
1068 3531 1443 3610 diagramma
1468 3528 1697 3608 Capitis
1722 3547 1820 3586 xx.

587 3632 659 3690 In
688 3629 791 3688 illo
818 3628 1276 3708 diagrammate,
1304 3627 1383 3687 sit
1415 3625 1592 3685 datus
1618 3641 1794 3682 arcus
1818 3617 2116 3696 trifariam
2147 3637 2235 3676 56-

502 3723 731 3784 candus
765 3723 867 3782 Ba.
