2462 4120
799 380 887 422 DE
923 382 1204 426 NATURA
1236 384 1461 428 AERIS.
1862 381 1975 435 281

261 524 464 582 autem
493 515 592 575 ille
628 515 816 595 (quod
858 520 1082 580 attinet
1122 521 1200 580 ad
1223 524 1418 583 maria
1443 526 1779 605 congelata)
1807 529 1982 590 facile

262 611 602 691 concipitur
641 631 772 671 esse
802 622 1002 673 motus
1033 615 1188 675 aeris
1227 619 1571 692 vehemenS,
1603 641 1892 683 oceanum
1923 635 1986 685 et

259 715 484 766 terram
505 705 896 786 undiquaque
919 708 1189 770 radentis
1211 731 1322 790 per
1345 712 1602 772 circulos
1619 717 1983 778 meridianos

259 799 325 858 in
353 799 506 879 polis
540 801 834 879 oppositis
865 815 1319 866 concurrentes,
1405 806 1567 866 Talis
1593 809 1752 868 enim
1782 823 1982 873 motus

259 893 414 953 aeris
443 914 618 973 aquae
649 897 978 974 particulas
1011 917 1276 960 summas
1307 900 1674 979 protrudens
1713 907 1984 984 compin-

257 989 370 1068 git,
399 988 465 1048 id
489 999 599 1064 est,
631 1000 825 1051 totam
865 992 1012 1052 facit
1051 993 1393 1054 duriorem:
1441 995 1736 1074 simulque
1773 1019 1985 1058 unam-

258 1103 559 1163 quamque
588 1086 950 1164 particulam
975 1108 1011 1147 a
1041 1098 1253 1149 centro
1287 1100 1466 1150 terrae
1496 1091 1688 1170 magis
1717 1104 1987 1155 removet

260 1198 443 1257 quam
494 1189 724 1258 quanta
769 1190 862 1240 est
903 1191 1085 1243 terrae
1144 1185 1610 1245 semidiameter.
1725 1186 1986 1248 Necesse

259 1292 406 1352 ergo
450 1283 543 1334 est
572 1275 681 1335 tali
723 1285 895 1336 motu
939 1278 1095 1339 aeris
1141 1280 1470 1359 particulas
1502 1301 1677 1360 aquae
1722 1301 1986 1343 summas

258 1369 698 1448 aliquantulum
729 1370 1046 1431 sustineri:
1093 1374 1255 1434 unde
1304 1384 1439 1435 tota
1477 1396 1636 1454 aqua
1672 1388 1989 1456 compacta

259 1465 383 1524 sive
414 1465 733 1544 congelata
760 1466 1037 1527 redditur
1058 1469 1269 1529 levior.
1356 1470 1598 1530 Interea
1626 1490 1770 1530 vero
1800 1473 1990 1531 atomi

258 1558 377 1619 illae
407 1568 624 1619 terreae
655 1568 824 1620 motu
867 1581 976 1621 suo
1008 1562 1287 1622 circulari
1331 1564 1602 1643 simplice
1641 1575 1988 1645 compactas

259 1673 433 1732 aquae
488 1654 819 1733 particulas
873 1676 1082 1717 omnes
1134 1658 1313 1717 simul
1364 1660 1739 1731 concutiunt,
1790 1660 1876 1720 ita
1917 1670 1990 1721 ut

258 1748 426 1807 nulla
455 1749 584 1827 ejus
613 1769 752 1827 pars
785 1750 1015 1809 moveri
1057 1751 1252 1829 possit
1299 1752 1429 1812 sine
1479 1753 1746 1832 reliquiS,
1776 1753 1839 1814 id
1878 1763 1989 1828 est,

257 1862 478 1921 aquam
536 1851 728 1902 totam
783 1844 998 1903 duram
1044 1845 1297 1905 faciunt.
1398 1846 1689 1907 Similiter
1733 1848 1797 1908 in
1848 1870 1988 1910 vase

255 1936 478 1996 accidit
506 1937 644 1996 nive
675 1946 735 1997 et
765 1939 888 1997 sale
921 1940 1318 2001 circumdato.
1406 1941 1565 2001 Nam
1614 1943 1989 2022 liquescente

254 2031 412 2104 nive,
447 2031 550 2110 qui
579 2032 642 2090 in
686 2032 824 2092 nive
856 2043 945 2094 est
974 2054 1095 2107 aer,
1121 2034 1345 2108 exienS,
1387 2037 1768 2114 superficiem
1809 2039 1990 2099 undi-

256 2146 494 2204 quaque
518 2127 680 2186 radit
709 2130 867 2188 vasis
891 2149 1112 2208 aquam
1138 2130 1526 2202 continentiS,
1551 2142 1613 2190 et
1636 2133 1892 2192 eundem
1925 2135 1990 2194 in

255 2241 413 2300 aqua
433 2221 715 2300 producit
739 2224 1022 2283 effectum
1043 2244 1222 2303 quem
1252 2224 1434 2283 modo
1466 2224 1894 2306 descripsimus
1923 2229 1989 2290 in

255 2316 674 2395 congelatione
725 2319 1006 2392 marium,
1051 2340 1290 2398 nempe,
1336 2319 1622 2379 leviorem
1666 2342 1884 2401 aquam
1929 2333 1991 2385 et

254 2410 563 2471 duriorem
591 2412 756 2472 facit.
847 2414 1284 2494 Diaphaneitas
1315 2423 1518 2474 autem
1564 2416 1732 2490 (nam
1769 2427 1832 2477 et
1870 2419 1987 2478 hoc

254 2514 472 2566 notatu
501 2506 754 2586 dignum
784 2511 899 2585 est)
921 2508 1363 2588 aliquantulum
1392 2510 1705 2584 minuitur,
1737 2524 1991 2591 propter

254 2601 409 2661 aeris
451 2622 591 2661 cum
641 2623 799 2682 aqua
849 2623 1085 2663 summa
1131 2605 1496 2665 mistionem.
1601 2606 1986 2685 Diaphanum

256 2696 419 2755 enim
485 2717 664 2757 omne
731 2717 841 2777 per
910 2699 1175 2778 partium
1241 2700 1608 2779 positionem
1675 2702 1984 2762 turbatam

255 2790 527 2851 albescit.

336 2885 417 2945 B.
461 2885 849 2966 Diaphanum
872 2898 1076 2949 autem
1106 2909 1142 2949 a
1170 2891 1416 2950 turbato
1442 2890 1560 2950 situ
1584 2891 1848 2970 partium
1879 2909 1987 2950 cur

255 2978 544 3040 albescit?
634 2983 773 3042 Scio
822 2984 1069 3062 quidem
1097 2985 1341 3058 vitrum,
1372 2984 1435 3043 in
1474 2994 1677 3063 partes
1723 2985 1984 3044 minutas

255 3075 604 3150 contritum,
625 3097 748 3136 non
772 3078 1030 3157 amplius
1056 3078 1426 3158 diaphanum
1449 3099 1598 3152 esse,
1620 3080 1725 3139 sed
1743 3081 1944 3139 album
1967 3106 1982 3149 ;

255 3179 317 3228 et
357 3189 431 3229 ex
477 3190 652 3249 aquae
703 3173 1017 3250 particulis
1065 3173 1366 3233 conflictis
1412 3174 1638 3233 factam
1689 3193 1983 3252 spumam,

254 3263 454 3323 albam
484 3285 655 3335 esse;
702 3277 764 3326 et
803 3267 996 3328 multa
1032 3268 1266 3328 similia.
1353 3269 1654 3328 Praeterea
1684 3269 1984 3347 diaphana

255 3359 457 3418 omnia
486 3360 676 3437 polita
706 3380 834 3419 esse
874 3361 1018 3435 sci0,
1051 3372 1113 3421 et
1152 3362 1571 3440 homogenea3
1619 3374 1680 3421 et
1708 3362 1980 3440 proinde,

254 3463 398 3530 apta
426 3474 554 3513 esse
585 3455 663 3514 ad
692 3455 895 3515 radios
925 3456 1076 3516 lucis
1116 3457 1204 3516 ita
1240 3457 1661 3529 reflectendoS,
1692 3465 1760 3515 ut
1796 3454 1982 3513 lucidi

254 3556 458 3624 partes
497 3568 604 3607 suo
649 3548 863 3608 ordine
903 3551 1076 3628 quasi
1117 3550 1467 3629 pingantur,
1511 3549 1853 3626 faciantque
1888 3557 1981 3606 to-

253 3640 372 3700 tius
401 3643 662 3720 speciem
693 3643 1080 3713 distinctam;
1133 3644 1240 3704 sed
1269 3644 1485 3722 ignoro
1517 3663 1777 3703 causam.
