2462 4120
536 365 614 417 38
893 374 1339 417 ΕΧΑΜΙΝΑΤΙΟ
1373 377 1458 418 ET
1489 365 1898 419 EMENDATI‘O

226 546 472 579 nameus
619 512 701 571 B.
748 511 914 572 Quid
962 505 1167 573 autem
1216 515 1323 573 fiet
1373 515 1422 573 si
1474 515 1816 593 subjectum
1867 515 2086 575 resolvi
2135 537 2260 576 non

329 614 362 645 1·
532 613 752 685 potest,
782 615 851 666 ut
879 607 1234 686 plerumque
1263 610 1336 667 fit
1364 609 1427 667 in
1457 609 1780 687 generibus
1805 610 2053 669 summis
2077 610 2098 670 ἓ

615 699 692 761 A.
740 701 893 761 Cum
921 703 1058 762 finis
1099 703 1428 762 definiendi
1459 703 1535 762 sit
1564 703 1916 782 ambiguum
1945 705 2179 778 tollere,
2211 704 2264 763 si

532 815 643 874 per
670 796 918 856 nomina
955 797 1019 855 id
1053 798 1187 856 fieri
1225 817 1348 856 non
1388 806 1612 874 potest,
1656 796 2002 857 faciendum
2033 809 2126 857 est
2154 817 2265 876 per

535 889 827 968 exempla.
918 890 1229 950 Addamus
1260 911 1404 969 ergo
1447 890 1787 949 definitioni
1815 899 2039 951 nostrae
2067 911 2264 970 pauca

535 985 720 1044 etiam
748 984 951 1057 verba,
983 996 1053 1044 ut
1088 994 1222 1044 tota
1257 986 1388 1044 haec
1418 984 1537 1052 sit3
1583 984 1850 1063 definitio
1894 993 1990 1044 est
2030 1005 2264 1065 propo-

534 1078 701 1152 sitio,
733 1078 908 1156 cujas
945 1079 1360 1159 praedicatam
1401 1086 1496 1138 est
1541 1077 1803 1156 sabjecti
1851 1078 2263 1152 resolutivam,

535 1173 640 1232 nbi
665 1172 826 1250 fieri
865 1180 1081 1252 potest
1101 1195 1124 1240 ,·
1167 1172 1268 1231 abi
1297 1172 1459 1249 fieri
1506 1192 1620 1230 non
1654 1179 1883 1251 potest,
1929 1172 2266 1251 exemplifi-

538 1266 818 1327 catinam.

619 1362 702 1420 B.
747 1361 938 1438 Perge
968 1360 1188 1439 legere.

619 1454 702 1514 A.
752 1453 902 1523 Qua:
926 1462 1127 1513 tamen
1148 1453 1418 1532 definitio
1448 1474 1564 1513 non
1587 1453 1744 1513 omni
1766 1453 2269 1514 demonstrationi

540 1548 855 1609 convenire
887 1548 1177 1628 putanda
1229 1556 1323 1607 est
1341 1570 1365 1616 ;
1418 1548 1535 1608 sed
1582 1547 1679 1607 illi
1737 1569 1862 1627 qaoe
1904 1555 2001 1607 est
2042 1569 2119 1611 τοῦ
2143 1561 2266 1622 διότι,

540 1663 664 1722 qnce
694 1642 879 1701 etiam
908 1645 1064 1708 κυρίως
1095 1641 1536 1702 demonstratio
1565 1641 1815 1701 dieitur.
1903 1639 2012 1700 Aa
2036 1641 2270 1701 demon-

541 1736 899 1795 strationem
927 1754 1005 1794 τοῦ
1051 1748 1134 1803 ὅτι,
1158 1736 1380 1814 suffieit
1401 1743 1827 1816 argumentum
1848 1733 1928 1794 ab
1945 1735 2271 1813 effecta.—

538 1831 773 1890 Vellem
803 1830 1110 1890 definisset
1151 1830 1298 1909 quid
1337 1831 1416 1890 sit
1450 1830 1554 1890 illa
1585 1829 2022 1890 demonstratio
2061 1851 2138 1893 τοῦ
2183 1845 2266 1894 ὅτι.

539 1925 702 1985 Nam
733 1924 1172 1984 demonstratio
1202 1941 1276 1983 τοῦ
1301 1935 1408 1983 διότι
1437 1934 1548 1996 est,
1569 1924 1811 2003 quando
1838 1924 1972 2004 quis
2003 1923 2271 1984 ostendit

538 2028 788 2098 propter
818 2039 999 2097 quam
1030 2038 1274 2078 causam
1298 2019 1640 2098 subjectum
1664 2019 1847 2080 talem
1879 2019 2066 2079 habet
2088 2019 2269 2077 affec-

540 2114 790 2173 tionem.
878 2113 1094 2191 Itaque
1135 2113 1422 2191 quoniam
1469 2113 1906 2173 demonstratio
1944 2112 2140 2172 omnis
2179 2120 2270 2171 est

540 2207 891 2280 scientifica,
923 2216 985 2266 et
1015 2208 1168 2266 scire
1197 2206 1382 2266 talem
1433 2226 1561 2266 esse
1597 2206 1659 2265 in
1701 2207 1976 2284 subjecto
2005 2207 2270 2266 affectio-

540 2321 682 2360 nem
711 2310 801 2361 est
830 2322 867 2360 a
907 2301 1253 2378 cognitione
1300 2319 1497 2359 causae
1545 2320 1680 2378 quae
1720 2300 1886 2360 illam
1929 2300 2270 2359 necessario

541 2395 843 2474 producit,
890 2395 1058 2454 nulla
1101 2403 1305 2473 potest
1353 2415 1482 2454 esse
1531 2394 1969 2454 demonstratio
2018 2403 2271 2473 praeter-

544 2510 727 2569 quam
757 2506 837 2547 τοῦ
862 2499 988 2548 διότι.
1078 2490 1269 2550 Recte
1299 2509 1444 2567 ergo
1475 2488 1641 2561 dicit,
1672 2489 1856 2561 illam,
1884 2508 2020 2567 quae
2050 2487 2273 2548 dicitur

542 2599 623 2641 τοῦ
659 2595 740 2651 ὅτι,
778 2603 903 2642 non
933 2603 1062 2643 esse
1091 2599 1250 2657 κυρίως
1280 2584 1878 2656 demonstrationem,
1909 2583 1974 2642 id
2004 2592 2116 2656 est,
2148 2603 2272 2643 non

545 2677 790 2736 omnino
813 2677 1415 2737 demonstrationem.
1476 2678 1634 2737 Nam
1654 2678 1718 2737 in
1738 2696 2014 2738 sermone
2035 2677 2271 2736 mathe-

544 2772 927 2844 maticorum,
951 2792 1068 2830 non
1090 2792 1226 2831 esse
1249 2781 1311 2831 et
1328 2793 1444 2831 non
1460 2771 1732 2853 proprie
1753 2791 1905 2845 esse,
1924 2771 2087 2830 idem
2110 2780 2272 2830 sunt.

630 2865 711 2925 B.
757 2866 1165 2925 Ratiocinatio
1207 2886 1341 2944 quae
1383 2867 1678 2945 incipiens
1708 2886 1744 2925 a
1771 2865 1929 2925 veris
1957 2865 2273 2944 principiis

546 2960 994 3020 conclusionem
1041 2970 1206 3019 recte
1249 2960 1454 3033 infert,
1499 2961 1742 3040 proprie
1772 2959 1995 3019 dicitur
2025 2959 2275 3020 demon-

547 3055 780 3114 stratio,
867 3051 1082 3133 Neque
1140 3054 1321 3113 credo
1373 3048 1776 3114 Aristotelem*
1815 3053 2274 3114 demonstratio-

546 3169 687 3209 nem
736 3169 985 3208 vocasse
1038 3168 1116 3208 ne
1174 3148 1415 3227 quidem
1488 3166 1565 3207 τοῦ
1619 3159 1685 3207 ὅτι
1743 3147 2275 3208 ratiocinationem

548 3243 734 3302 ullam
783 3243 847 3301 in
899 3262 1019 3321 qua
1070 3250 1230 3301 esset
1280 3241 1740 3320 paralogismus.
1848 3241 2275 3302 Necessarium

549 3357 696 3416 ergo
727 3345 818 3397 est
846 3346 917 3395 ut
956 3336 1325 3396 intellexerit
1362 3335 1891 3396 ratiocinationem
1939 3355 2076 3415 quae
2123 3335 2276 3396 inci-

547 3432 659 3510 pit,
687 3450 812 3491 non
841 3451 878 3490 a
907 3430 1378 3500 definitionibuS,
1425 3429 1531 3488 sed
1562 3449 1598 3488 a
1623 3430 1968 3509 suppositis,
1999 3429 2276 3508 qualibus

549 3533 805 3585 utuntur
849 3525 1107 3604 phycici,
1160 3525 1515 3603 plerumque
1574 3525 1842 3585 incertis,
1930 3525 2074 3584 Non
2129 3543 2275 3604 ergo

552 3619 890 3680 debuerunt
918 3620 1281 3698 interpretes
1307 3620 1435 3697 ejus
1459 3617 2049 3680 demonstrationem
2065 3635 2144 3677 τοῦ
2162 3627 2276 3676 διότι
