2462 4120
848 383 937 425 DE
971 383 1254 427 NATURA
1287 383 1515 426 AERIS.
1918 377 2038 430 295

317 525 488 586 culus
531 523 953 583 arithmeticus
984 542 1123 582 cum
1163 543 1201 583 a
1238 524 1611 602 geometrico
1642 524 1900 598 differat,
1931 546 2043 586 cur

314 618 621 680 tantillum
668 617 891 692 differt,
939 617 1248 690 nimirum,
1292 626 1520 696 quanta
1564 627 1656 678 est
1703 619 2044 681 differentia

313 713 475 774 inter
499 718 705 773 41681
743 721 805 772 et
831 712 1089 773 d1682?

398 807 480 867 A.
528 806 690 868 Quia
718 806 823 886 qui
865 806 1058 866 lineas
1102 805 1517 866 consideratas
1556 806 1684 866 sine
1719 806 2043 869 latitudine

310 901 699 980 multiplicat,
731 921 854 961 non
883 901 1031 961 facit
1068 900 1339 980 planum,
1372 900 1480 960 sed
1527 920 1850 961 numerum
1894 903 2043 963 line-

309 1015 502 1056 arum.
591 997 678 1056 At
707 996 806 1055 ille
836 997 940 1076 qui
968 996 1193 1056 lineam
1211 1005 1444 1056 rectam
1472 995 1537 1055 in
1559 995 1783 1056 lineam
1812 1006 2039 1056 rectam

310 1088 498 1162 ducit,
521 1109 845 1149 numerum
875 1091 1175 1149 linearum
1203 1109 1328 1149 non
1345 1089 1514 1162 facit,
1534 1088 1642 1148 sed
1667 1089 2044 1168 superficiem

309 1184 576 1263 planam.
642 1185 793 1245 Inde
823 1185 986 1245 enim
1010 1184 1352 1244 necessario
1383 1182 1626 1256 accidit,
1656 1191 1727 1242 ut
1749 1183 1813 1242 in
1841 1183 2046 1242 lateri-

307 1281 422 1340 bus
466 1280 808 1359 planorum,
836 1288 1064 1360 puncta
1111 1300 1246 1360 quae
1294 1289 1438 1339 sunt
1483 1278 1547 1338 in
1594 1277 1834 1356 angulis
1881 1298 2044 1337 com-

307 1375 518 1434 munia
574 1374 833 1434 duarum
889 1385 1198 1434 rectarum
1250 1374 1343 1432 bis
1395 1380 1815 1445 numerentur,
1864 1380 1928 1431 et
1981 1372 2045 1431 in

307 1469 599 1530 lateribus
630 1470 926 1530 cuborum
955 1478 1067 1530 ter.

390 1564 474 1622 B.
519 1564 805 1643 Intelligo
851 1565 998 1643 jam,
1029 1584 1154 1623 non
1183 1562 1367 1623 modo
1397 1561 1562 1642 quod
1591 1561 1935 1641 duplicatus
1968 1561 2045 1621 sit

309 1657 519 1731 cubuS,
549 1658 706 1718 ratio
743 1659 1060 1738 perimetri
1106 1658 1319 1718 circuli
1364 1657 1443 1717 ad
1482 1657 1723 1717 radium
1775 1656 2044 1730 inventa,

306 1771 451 1812 vera
479 1752 704 1832 cyclois
734 1752 1059 1832 descripta,
1091 1761 1372 1812 centrum
1417 1751 1734 1831 gravitatis
1776 1750 2046 1810 semicir-

309 1847 430 1906 culi
486 1855 816 1926 repertum‚
875 1847 1134 1926 angulus
1183 1847 1248 1907 in
1306 1847 1449 1907 data
1499 1847 1738 1906 ratione
1796 1845 2044 1917 divisuS‚

305 1941 483 2002 lineae
514 1942 816 2021 parabolae
844 1943 940 2002 vel
962 1944 1374 2021 cujuscunque
1402 1941 1811 2021 paraboloidis
1843 1960 2045 2000 curvae

307 2035 559 2114 aequalis
609 2036 859 2096 inventa
904 2046 1114 2096 recta:
1161 2036 1270 2095 sed
1319 2036 1504 2096 etiam
1561 2055 1670 2095 cur
1729 2044 1871 2095 ante
1926 2035 2046 2094 hoc

307 2140 548 2209 tempus
593 2130 860 2191 inventae
910 2150 1033 2190 non
1086 2139 1247 2202 sunt,
1289 2150 1528 2210 nempe,
1582 2129 1748 2209 quod
1790 2129 2045 2209 perinde

307 2223 587 2284 habitum
631 2225 710 2285 sit
743 2225 1150 2304 multiplicare
1180 2244 1277 2284 res
1305 2244 1417 2303 per
1444 2244 1767 2284 numerum
1814 2224 2044 2304 simpli-

309 2318 480 2392 citer,
511 2327 574 2379 et
593 2339 703 2398 per
731 2339 1055 2379 numerum
1084 2338 1291 2378 rerum
1320 2319 1668 2379 earundem.

391 2413 473 2474 A.
520 2414 586 2474 Si
614 2424 783 2474 recta
812 2414 886 2474 ai
912 2414 1288 2494 producatur
1318 2413 1511 2474 donec
1542 2423 1709 2474 secet
1752 2413 2042 2491 diagona-

306 2508 428 2568 lem
477 2509 616 2583 DB,
663 2519 815 2589 puta
859 2509 924 2568 in
964 2509 1006 2584 l,
1049 2509 1167 2569 erit
1204 2508 1300 2569 DZ
1347 2508 1684 2589 diagonalis
1743 2507 2041 2587 quadrati,

309 2603 481 2681 cujus
502 2603 659 2664 latus
689 2614 782 2664 est
808 2603 1012 2664 media
1039 2603 1426 2664 arithmetica
1454 2605 1615 2664 inter
1645 2603 1768 2663 DY
1800 2610 1859 2662 et
1890 2602 2038 2661 DX.

309 2696 382 2756 Id
439 2698 600 2757 enim
659 2699 932 2779 sequitur
987 2698 1350 2772 necessariO,
1398 2700 1449 2759 si
1495 2698 1680 2758 modo
1728 2697 1869 2770 DY,
1914 2695 2039 2755 DX

306 2791 522 2851 mediae
551 2792 672 2852 sint
699 2793 1185 2873 proportionales
1214 2794 1375 2853 inter
1403 2794 1525 2853 AD
1558 2803 1621 2852 et
1651 2793 1789 2852 AV.

388 2885 470 2945 B.
514 2886 959 2947 Necessitatem
987 2888 1154 2947 illam
1184 2888 1455 2948 nondum
1487 2887 1782 2967 percipio.

389 2978 471 3039 A.
515 2979 652 3040 Nisi
673 2981 760 3041 ita
788 3001 919 3041 esse
938 2981 1289 3042 meditando
1318 2982 1590 3041 invenias
1619 2982 1766 3060 ipse,
1787 2978 2035 3039 demon-

308 3073 512 3132 strabo
544 3093 694 3152 ego;
739 3075 845 3134 sed
874 3076 992 3135 alio
1023 3086 1315 3154 tempore.

390 3165 468 3227 B.
515 3167 636 3227 Sed
691 3179 1017 3249 antequam
1069 3171 1470 3242 discedamUS,
1515 3170 1614 3230 dic
1660 3168 1809 3228 mihi
1846 3187 1924 3226 an
1959 3186 2031 3225 ex

308 3260 426 3320 illis
481 3261 673 3322 literis
724 3263 797 3322 V.
828 3265 901 3324 A.
945 3266 1021 3326 Q..
1061 3267 1136 3326 R.
1195 3267 1516 3345 authorem
1573 3264 1738 3324 nosti
1794 3261 2032 3341 proble-

306 3355 531 3415 matis?

390 3449 469 3508 A.
515 3449 734 3508 Literae
768 3450 887 3510 illae
935 3452 1197 3514 initiales
1244 3462 1385 3515 sunt
1428 3455 1647 3514 horum
1688 3451 2027 3519 verborum,

315 3544 410 3604 Un
430 3543 631 3603 Autre
664 3545 796 3613 Que
819 3545 1138 3608 Roberval.

389 3638 468 3698 B.
514 3638 776 3700 Discedo
827 3641 956 3718 jam
1005 3643 1219 3717 multo,
1264 3653 1335 3703 ut
1374 3642 1524 3701 mihi
1571 3639 1799 3708 videor,
1846 3653 2026 3713 quam
