2462 4120
278 531 389 564 CAP.
415 532 488 566 111.

261 589 496 617 κ--Υ--κ

282 640 338 674 De
352 652 482 677 vacuo.

572 358 691 413 322
1023 371 1485 415 PROBLEMATA
1518 372 1829 415 PHYSICA.

569 508 735 570 Quid
764 509 926 569 enim
963 520 1070 571 aut
1107 512 1432 584 attrahere,
1479 520 1588 572 aut
1631 512 1939 591 impellere
1985 518 2288 571 suctorem

565 603 767 681 potuit
790 603 870 662 ad
895 604 1095 665 locum
1125 606 1294 665 illum
1322 605 1485 665 unde
1513 613 1813 666 retractus
1844 612 1992 678 erat,
2022 605 2073 664 si
2095 604 2285 683 cylin-

567 695 710 756 drus
738 696 951 757 fuisset
978 718 1202 758 vacuus
1227 698 1247 758 ?
1310 699 1471 758 Nam
1499 708 1569 759 ut
1598 699 1753 759 aeris
1774 699 2011 778 pondus
2041 697 2287 777 aliquod

563 790 627 850 id
657 791 892 851 efficere
921 793 1209 871 potuerit,
1238 792 1459 853 falsum
1494 812 1623 853 esse
1653 794 1798 853 satis
1826 814 2008 873 supra
2035 793 2286 852 demon-

563 885 770 958 stravi,
800 886 875 944 ab
907 904 979 946 eo
1010 887 1173 965 quod
1201 907 1304 947 aer
1333 888 1397 947 in
1421 906 1558 946 aere
1586 887 1890 963 gravitare
1913 907 2038 947 non
2059 895 2282 965 potest.

562 977 744 1038 Nosti
773 979 958 1039 etiam
987 980 1169 1058 quod,
1200 1001 1340 1040 cum
1369 1000 1402 1039 e
1431 980 1761 1059 recipiente
1805 1000 2007 1041 aerem
2041 1000 2284 1040 omnem

567 1073 663 1148 (ut
691 1072 792 1132 ille
820 1074 1178 1152 loquuntur)
1223 1074 1563 1153 exugerint,
1593 1083 1853 1152 possunt
1879 1084 2086 1134 tamen
2113 1083 2283 1135 trans

560 1167 784 1226 vitrum
812 1167 878 1226 id
907 1167 1070 1245 quod
1107 1168 1272 1227 intus
1305 1170 1378 1227 fit
1412 1167 1638 1240 videre,
1680 1178 1743 1227 et
1790 1188 2005 1228 sonum
2053 1169 2105 1228 si
2149 1169 2284 1247 quis

561 1260 667 1319 fiat
696 1260 842 1319 inde
871 1260 1100 1320 audire.
1176 1261 1249 1320 Id
1280 1261 1444 1340 quod
1473 1261 1686 1334 solum,
1717 1261 1832 1321 etsi
1858 1262 2091 1321 nullum
2119 1262 2286 1322 aliud

561 1364 987 1432 argumentum
1017 1362 1175 1414 esset
1210 1355 1378 1433 (sunt
1407 1365 1614 1415 autem
1642 1355 1883 1433 multa),
1915 1355 1995 1415 ad
2021 1355 2285 1434 proban-

561 1447 706 1506 dum
757 1448 990 1518 nullum
1036 1467 1166 1508 esse
1216 1450 1281 1508 in
1338 1450 1671 1528 recipiente
1727 1469 1988 1509 vacuum
2043 1448 2286 1509 abunde

561 1542 798 1602 sufficit.

643 1639 725 1699 A.
771 1639 869 1698 Ad
896 1639 1046 1698 illud
1082 1649 1307 1712 autem,
1356 1639 1522 1719 quod
1568 1641 1619 1699 si
1654 1639 1856 1699 vesica
1904 1639 2285 1717 aliquatenus

559 1733 769 1792 inflata
796 1733 859 1792 in
889 1733 1219 1812 recipiente
1247 1733 1613 1807 includatur,
1643 1733 1824 1812 paulo
1866 1740 2006 1811 post
2042 1752 2153 1811 per
2181 1752 2285 1792 ex-

558 1827 866 1885 uctionem
895 1827 1050 1886 aeris
1079 1827 1328 1887 inflatur
1356 1827 1775 1887 vehementius
1804 1835 1867 1886 et
1897 1825 2283 1906 dirumpitur,

560 1919 707 1998 quid
735 1920 1106 1999 respondes?

641 2013 722 2074 Α.
768 2014 979 2074 Motus
1007 2015 1272 2093 partium
1301 2016 1455 2076 aeris
1484 2015 1887 2093 undequaque
1917 2033 2284 2074 concurren-

555 2107 710 2166 tium
733 2108 1163 2183 velocissimuS,
1195 2118 1256 2169 et
1286 2129 1395 2188 per
1423 2129 1788 2169 concursum
1818 2108 1883 2167 in
1912 2107 2120 2186 spatiis
2147 2108 2285 2168 bre-

556 2202 813 2261 vissimis
835 2222 1209 2281 numeroque
1239 2203 1492 2263 infinitis
1521 2202 1871 2282 gyrationes
1892 2201 2285 2263 velocissimae

557 2295 821 2355 vesicam
850 2297 914 2355 in
942 2297 1090 2356 locis
1117 2297 1655 2357 innumerabilibus
1679 2297 1858 2356 simul
1885 2305 1947 2356 et
1975 2297 2036 2356 vi
2061 2316 2285 2375 magna

556 2389 750 2449 instar
788 2390 1040 2450 totidem
1072 2391 1452 2450 terebrarum
1488 2390 1831 2469 penetrat*,
1863 2391 2204 2469 praesertim
2233 2390 2284 2450 si

556 2483 759 2543 vesica
788 2494 1116 2563 antequam
1133 2484 1519 2558 immittatur,
1540 2504 1659 2563 quo
1680 2484 1873 2563 magis
1891 2485 2155 2558 resistat,
2174 2484 2285 2544 ali-

558 2588 856 2655 quatenus
875 2579 1086 2638 inflata
1105 2578 1202 2638 sit.
1260 2579 1585 2657 Postquam
1613 2588 1818 2638 autem
1837 2597 1942 2638 aer
1958 2586 2284 2657 penetrans

558 2672 744 2731 semel
771 2672 1075 2750 ingressus
1106 2681 1217 2744 est,
1246 2672 1422 2731 facile
1451 2672 1723 2750 cogitare
1745 2681 1920 2751 potes
1952 2692 2071 2751 quo
2100 2682 2284 2751 pacto

559 2766 843 2845 deinceps
864 2766 1127 2825 vesicam
1144 2766 1356 2825 tendet
1380 2774 1444 2825 et
1473 2765 1722 2825 tandem
1743 2775 2003 2844 rumpet.
2055 2767 2284 2826 Verum

559 2861 609 2919 si
638 2869 963 2938 antequam
986 2868 1321 2938 rumpatur,
1341 2879 1517 2920 versa
1539 2860 1850 2934 clavicula,
1870 2880 1975 2919 aer
1997 2869 2283 2920 externus

560 2953 938 3025 admittatur,
974 2953 1205 3013 videbis
1234 2954 1515 3026 vesicam,
1553 2962 1802 3032 propter
1837 2955 2283 3014 vehementiam

560 3057 760 3107 motus
789 3037 1204 3126 temperatam,
1237 3047 1536 3108 diminuta
1571 3049 1850 3108 tensione
1886 3048 2278 3127 rugosiorem.

561 3142 722 3202 Nam
753 3141 817 3201 id
840 3161 1078 3221 quoque
1109 3142 1498 3202 observatum
1526 3152 1639 3202 est.
1697 3143 1836 3202 Jam
1865 3142 1915 3202 si
1943 3143 2076 3203 haec
2100 3162 2283 3221 quam

562 3236 688 3296 dixi
719 3257 918 3309 causa,
950 3236 1148 3295 minus
1178 3236 1290 3295 tibi
1319 3236 1597 3296 videatur
1624 3236 2000 3296 verisimilis:
2037 3236 2174 3296 vide
2203 3256 2283 3296 an

562 3340 649 3404 tu,
681 3339 787 3390 aut
815 3330 966 3390 alius
996 3331 1337 3410 quicunque
1366 3331 1687 3409 imaginari
1708 3339 1928 3409 potest,
1960 3351 2078 3409 quo
2099 3338 2281 3408 pacto

561 3424 762 3484 vesica
799 3423 1063 3483 distendi
1102 3432 1162 3483 et
1200 3425 1401 3503 rumpi
1437 3425 1628 3503 possit
1665 3445 1702 3484 a
1730 3424 1959 3484 viribus
1993 3424 2188 3497 vacui,
2217 3423 2282 3482 id

562 3527 672 3593 est,
702 3518 897 3578 nihili.

1074 3694 1102 3722 *
1131 3693 1210 3743 Sic
1233 3694 1362 3741 Edit.
1395 3697 1519 3743 1662
1544 3701 1592 3743 et
1620 3696 1760 3743 1668.
