2462 4120
291 481 540 516 DIALOGUS

385 550 454 583 VI.

607 315 728 367 226
967 328 1410 371 EXAMINATIO
1447 331 1528 370 ET
1562 330 1971 372 EMENDATm

693 466 774 528 B.
819 469 1120 529 Absurda.
1207 470 1328 529 Sed
1377 470 1657 528 ultimum
1703 470 1839 544 hoc,
1891 471 1965 530 de
2017 471 2326 551 duplicata

604 561 859 634 ratione,
892 582 965 621 ex
1010 582 1081 621 eo
1124 574 1335 622 natum
1374 582 1503 620 esse
1551 562 1808 636 videtur,
1838 565 1999 642 quod
2044 565 2325 624 Euclides

599 655 794 714 utitur
810 676 957 716 voce
977 666 1238 714 διπλασίονι
1262 675 1500 734 semper
1521 675 1632 733 pro
1657 655 1994 736 duplicata,
2014 678 2326 737 nunquam

602 768 713 827 pro
745 750 959 830 dupla.

686 843 766 903 A.
815 844 979 905 Quid
1008 844 1256 904 autem?
1344 844 1442 902 An
1466 853 1840 921 geometram
1880 845 2056 904 decet
2085 846 2323 905 theore-

599 947 832 996 matum
875 939 1197 997 veritatem
1247 957 1320 995 ex
1367 955 1480 994 usu
1519 938 1860 1013 verborum,
1893 959 1972 998 an
2022 958 2096 998 ex
2143 941 2322 999 rebus

597 1031 743 1109 ipsis
772 1040 936 1091 recte
969 1031 1299 1109 conceptiS,
1331 1030 1671 1089 aestimare?
1761 1032 1882 1091 Sed
1920 1032 2082 1110 quod
2119 1033 2321 1091 Eucli-

599 1124 739 1184 dem
795 1126 882 1185 315
939 1144 1250 1203 nunquam
1306 1125 1399 1183 uti
1453 1144 1598 1183 voce
1643 1134 1901 1183 διπλασίονι
1949 1146 2061 1204 pro
2115 1127 2320 1205 duplo,

598 1238 809 1278 verum
838 1239 963 1278 non
1002 1228 1109 1278 est.
1197 1218 1358 1296 Lege
1408 1218 1600 1277 Elem.
1626 1218 1707 1276 iii.
1733 1239 1909 1298 prop.
1939 1227 2039 1294 20,
2070 1241 2206 1299 quae
2235 1222 2321 1280 sic

599 1332 663 1372 Se
684 1313 905 1373 habet:
938 1327 986 1371 ἒν
1010 1324 1152 1387 κύκλῳ
1176 1325 1203 1378 ἡ
1242 1322 1351 1383 πρὸς
1375 1326 1437 1387 τῷ
1474 1324 1632 1386 κέντρῳ
1671 1327 1818 1383 γωνία
1843 1322 2094 1372 διπλασίων
2133 1325 2202 1372 ἑςῖ
2243 1329 2322 1383 τῆς

596 1420 708 1480 πρὸς
733 1421 787 1483 τῇ
811 1422 1084 1481 περιφερείᾳ,
1109 1417 1225 1465 etc.

683 1500 763 1560 B.
808 1501 940 1559 Tua
988 1501 1109 1572 illa,
1158 1518 1504 1578 quanquam
1550 1499 1880 1577 paradoxa,
1921 1520 2067 1559 vera
2116 1511 2322 1561 tamen

596 1603 758 1663 sunt,
789 1604 858 1653 ut
886 1594 1035 1652 mihi
1063 1592 1368 1666 videntur,
1400 1602 1461 1651 et
1481 1591 1688 1651 futura
1711 1593 2036 1671 aliquando
2060 1594 2319 1654 enclosed.

596 1688 838 1746 Interea
868 1698 956 1760 tn,
989 1688 1092 1764 qui
1123 1687 1397 1746 defendis
1429 1706 1672 1746 omnem
1703 1687 2045 1747 doctrinam
2086 1689 2322 1747 Hobbi-

596 1801 796 1853 anam,
817 1781 962 1859 quid
993 1781 1267 1840 dicturus
1289 1801 1352 1840 es
1383 1781 1462 1840 ad
1491 1801 1562 1840 ea
1592 1801 1727 1860 quae
1756 1782 1941 1841 habet
1969 1783 2034 1841 in
2064 1782 2322 1861 Physica

597 1896 706 1934 sua
723 1884 785 1935 et
803 1875 1090 1934 Politica?
1147 1876 1227 1935 Et
1249 1876 1465 1954 prim0‚
1485 1876 1549 1934 in
1567 1875 1838 1953 physica,
1864 1875 2028 1955 quod
2050 1876 2321 1935 omnium

593 1989 798 2029 rerum
827 1970 1198 2029 naturalium
1220 1989 1432 2029 causas
1465 1969 1613 2028 dicit
1641 1988 1771 2028 esse
1787 1979 2039 2073 motum,
2061 1988 2319 2048 eumque

598 2064 751 2124 moti
780 2073 842 2122 et
873 2064 1147 2142 contigui
1178 2061 1491 2142 corporis?

677 2155 754 2216 A.
801 2157 940 2216 Sive
970 2177 1180 2216 verum
1211 2158 1327 2216 hoc
1368 2157 1445 2215 sit
1477 2156 1599 2214 sive
1649 2155 1889 2225 falsum,
1941 2155 2321 2233 paradoxum

595 2261 760 2311 certe
801 2272 926 2311 non
973 2262 1084 2311 est.
1172 2252 1333 2310 Nam
1381 2250 1764 2322 AristoteleS‚
1818 2269 1998 2327 quem
2050 2250 2320 2328 sequitur

593 2346 818 2419 schola,
848 2346 1011 2405 idem
1062 2346 1232 2417 dicit,
1279 2346 1329 2404 si
1366 2365 1491 2403 non
1539 2354 1601 2403 et
1650 2344 1928 2421 ampliUS‚
1962 2364 2102 2402 cum
2157 2344 2321 2402 dicat

592 2447 879 2499 naturam
928 2439 1081 2499 nihil
1131 2438 1296 2499 aliud
1347 2457 1476 2497 esse
1519 2446 1742 2516 praeter
1786 2444 2002 2496 motum
2020 2459 2045 2504 ;
2087 2446 2319 2497 motum

593 2543 797 2593 autem
848 2534 1161 2612 proprium
1207 2553 1340 2593 esse
1383 2533 1675 2611 corporis.
1782 2531 1965 2591 Quod
2009 2531 2318 2591 internum

593 2648 722 2687 esse
754 2628 936 2700 dicat,
961 2647 1084 2687 non
1113 2636 1298 2706 negat
1343 2626 1489 2705 quin
1537 2628 1783 2685 causam
1831 2626 2056 2685 habeat
2103 2627 2168 2684 in
2219 2645 2320 2683 ex-

592 2732 786 2781 terno·
892 2722 1052 2780 Nam
1104 2722 1367 2780 affirmat
1424 2719 1586 2793 alibi,v
1637 2719 1796 2778 nihil
1830 2740 2026 2800 posse
2081 2739 2319 2778 movere

593 2815 880 2895 seipsum.
969 2816 1063 2874 Ab
1093 2817 1211 2875 1100
1241 2815 1542 2894 principio
1582 2835 1771 2888 orSUS‚
1806 2834 2017 2874 causas
2066 2815 2321 2892 qualita-

592 2918 726 2968 tum
767 2909 1140 2968 sensibilium
1187 2919 1250 2968 et
1287 2910 1735 2987 phaenomenwn
1785 2909 2154 2968 naturalium
2191 2908 2318 2967 fere

593 3002 864 3061 omnium
887 3003 1033 3061 satis
1061 3003 1404 3080 probabiles
1435 3001 1682 3061 deducit
1714 3003 1992 3061 Hobbius
2011 3024 2034 3069 ;
2063 3001 2127 3062 id
2153 3001 2319 3080 quod

591 3096 700 3167 illi,
740 3096 957 3175 quibus
985 3096 1353 3175 principium
1401 3096 1519 3155 1100
1565 3096 1808 3155 videtur
1851 3097 2089 3170 falsum,
2118 3095 2317 3155 facere

593 3211 907 3270 nunquam
934 3199 1244 3269 poterunt.

680 3284 760 3344 B.
806 3285 1138 3344 Maximam
1159 3291 1395 3362 partem
1425 3283 1751 3343 effectuum
1796 3282 2165 3342 naturalium
2217 3281 2320 3341 de-

596 3377 765 3438 ducit
794 3379 896 3438 ille
921 3398 957 3437 a
985 3388 1159 3437 motu
1185 3378 1467 3456 quodam,
1500 3398 1682 3455 quem
1724 3386 1906 3437 vocat
1946 3375 2316 3436 circularem

595 3471 935 3553 simplicem
952 3495 976 3540 ,·
1022 3491 1202 3550 quem
1230 3480 1483 3544 motum,
1524 3491 1739 3531 vereor
1778 3490 1856 3530 ne
1906 3470 2185 3542 lectores,
2211 3488 2314 3528 ex-

596 3568 787 3645 ceptis
815 3566 1043 3646 paucis,
1069 3586 1195 3627 non
1224 3566 1370 3626 satis
1401 3566 1766 3645 concipiant.
1853 3565 2015 3624 Nam
2043 3564 2156 3624 etsi
2177 3561 2316 3623 talis
