2462 4120
508 357 626 410 390
732 368 821 408 DE
856 368 1236 411 PRINCIPIIs
1272 370 1355 411 ET
1388 370 1985 412 RATIOCINATIONE

502 507 655 565 nihil
684 507 846 585 quod
889 508 968 567 sit
995 508 1232 582 falsum,
1262 528 1474 568 verum
1503 509 1688 569 etiam
1718 509 1869 568 nihil
1899 507 2064 587 quod
2093 516 2229 567 tan-

502 609 634 660 tum
658 602 970 679 probabile
996 602 1220 675 existit,
1243 602 1393 661 nihil
1419 602 1678 681 denique
1697 602 2043 674 admittant,
2066 601 2229 680 quod

504 695 853 754 certissimis
884 695 1500 755 demonstrationibus
1529 716 1653 755 non
1686 696 2105 755 confirmant.''

589 790 826 850 Quibus
855 791 1055 849 verbis
1091 790 1259 868 (quia
1287 789 1504 862 scienti,
1535 810 1659 848 non
1688 789 1950 849 scientia
1980 789 2231 848 demon-

505 884 684 960 strat)
748 904 874 943 non
929 894 1123 944 artem
1179 883 1393 962 ipsam,
1453 883 1560 942 sed
1615 883 1941 960 magistros
1999 882 2226 942 laudat.

506 977 827 1037 Certitudo
859 978 1250 1037 scientiarum
1281 977 1550 1036 omnium
1582 977 1831 1055 aequalis
1863 986 1972 1050 est,
2003 976 2231 1055 alioqui

504 1071 667 1130 enim
698 1072 967 1131 scientiae
997 1092 1119 1130 non
1143 1079 1380 1130 essent:
1426 1091 1566 1129 cum
1595 1070 1760 1129 seire
1788 1090 1912 1129 non
1942 1071 2233 1149 suscipiat

503 1164 697 1243 magis
728 1173 789 1224 et
831 1166 1049 1223 minus,
1136 1164 1410 1241 Physica,
1442 1163 1660 1235 ethica,
1690 1162 1959 1240 politica,
1991 1164 2042 1222 si
2076 1164 2232 1222 bene

505 1259 935 1318 demonstratae
966 1267 1186 1330 essent,
1217 1277 1341 1315 non
1370 1257 1571 1315 minus
1602 1265 1787 1315 certae
1823 1265 2023 1316 essent
2051 1277 2234 1335 quam

503 1352 909 1431 pronunciata
937 1351 1403 1410 mathematica:
1450 1351 1609 1410 sicut
1648 1370 1761 1409 nec
1802 1350 2235 1410 mathematica

506 1447 773 1506 scientiis
804 1446 934 1505 aliis
959 1445 1181 1504 certior
1203 1455 1381 1518 esset,
1405 1445 1523 1504 nisi
1551 1452 1719 1504 recte
1746 1443 2234 1504 demonstrarenu

504 1548 606 1599 tur
637 1560 708 1599 ea
738 1560 873 1617 quae
902 1539 1280 1616 pronuntiat.

588 1634 805 1710 Itaque
834 1653 944 1711 per
972 1633 1131 1691 hanc
1163 1632 1483 1710 epistolam
1511 1632 1627 1690 hoc
1657 1651 1794 1710 ago,
1818 1639 1888 1691 ut
1917 1631 2236 1691 ostendam

504 1728 618 1787 tibi
647 1747 770 1786 non
804 1727 1100 1785 minorem
1124 1746 1253 1785 esse
1279 1726 1599 1786 dubitandi
1630 1746 1874 1786 causam
1900 1727 1964 1786 in
1993 1726 2235 1805 scriptis

504 1821 1095 1893 mathematicorum,
1150 1840 1332 1900 quam
1396 1819 1462 1879 in
1530 1820 1770 1899 scriptis
1826 1821 2235 1900 physicorum,

506 1916 869 1987 ethicorum,
902 1924 1019 1973 etc.

588 2009 823 2068 Omitto
873 2008 1034 2066 inter
1079 2018 1423 2086 geometras
1472 2008 1874 2068 dissentiones
1920 2017 1982 2067 et
2025 2017 2239 2068 mutua

506 2103 790 2174 convitia,
824 2122 958 2181 quae
991 2102 1229 2181 signum
1257 2103 1661 2162 certissimum
1690 2102 2054 2181 ignorantiae
2073 2113 2235 2162 sunt.

507 2198 648 2276 Ipsa
697 2197 1023 2275 aggredior
1069 2198 1387 2276 principia,
1430 2208 1492 2257 et
1542 2198 1851 2258 interdum
1899 2198 2085 2257 etiam
2131 2198 2237 2257 de-

505 2292 991 2351 monstrationes
1078 2292 1216 2351 Sive
1247 2292 1408 2350 enim
1442 2293 1744 2371 principia
1771 2292 1923 2351 falsa
1952 2293 2090 2365 sint,
2111 2292 2236 2351 sive

506 2387 696 2447 illatio
748 2387 1089 2446 necessaria
1129 2407 1253 2446 non
1305 2387 1402 2459 sit,
1443 2386 1881 2446 demonstratio
1919 2385 2087 2445 nulla
2126 2394 2235 2445 est.

506 2482 622 2540 Pro
641 2481 968 2559 geometris
990 2491 1195 2541 autem
1215 2481 1493 2540 omnibus
1512 2481 1876 2559 oppugnabo
1900 2479 2236 2551 Euclidem,

509 2575 613 2653 qui
643 2575 914 2634 omnium
944 2585 1391 2654 geometrarum
1422 2576 1712 2654 magister
1741 2574 2145 2647 existimatur,
2177 2583 2238 2633 et

507 2670 906 2748 interpretem
936 2670 1066 2746 ejus
1097 2669 1365 2728 omnium
1398 2670 1698 2748 optimum
1729 2668 2024 2728 Clavium.

591 2764 805 2842 Itaque
835 2763 1032 2842 primo
1061 2763 1197 2822 loco
1228 2764 1584 2823 examinabo
1614 2762 1885 2821 Euclidis
1908 2761 2235 2840 principia:

510 2857 798 2929 secund0,
830 2877 902 2916 ea
931 2878 1067 2936 quae
1096 2857 1408 2935 principiis
1439 2857 1557 2916 illis
1586 2856 1915 2915 innitentia
1950 2855 2238 2915 videntur

507 2951 658 3010 mihi
697 2970 826 3010 esse
876 2951 1045 3034 falsa,
1079 2951 1204 3010 sive
1253 2971 1324 3010 ea
1364 2951 1484 3010 sint
1527 2950 1818 3020 Euclidis,
1862 2950 1986 3008 sive
2028 2948 2238 3020 Clavii,

510 3045 634 3104 sive
667 3047 1080 3123 cujuscunque
1111 3053 1461 3123 geometrae,
1504 3046 1607 3124 qui
1638 3045 1949 3124 principiis
1980 3044 2098 3103 illis
2142 3042 2240 3102 vel

509 3139 640 3198 aliis
668 3139 834 3198 falsis
866 3139 958 3197 usi
989 3149 1132 3197 sunt
1159 3163 1171 3197 :
1217 3149 1399 3217 atque
1430 3140 1516 3198 ita
1558 3139 1942 3218 oppugnabo,
1970 3146 2040 3196 ut
2069 3136 2239 3195 meli-

510 3251 618 3290 ora
675 3232 916 3310 rejectis
975 3232 1359 3305 substituam,
1415 3252 1492 3292 ne
1543 3242 1738 3293 artem
1791 3231 1984 3310 ipsam
2029 3229 2239 3290 videar

509 3324 876 3386 labefactare
908 3325 1080 3385 velle.

1209 3540 1535 3562 11
