2462 4120
647 391 1114 434 PROBLEMATA
1147 393 1468 437 PHYs1cA.
1806 386 1926 440 329

191 530 368 611 quale
398 539 489 591 est
517 539 827 610 spectrum
853 556 867 599 ;
909 531 1102 609 qualis
1127 539 1218 590 est
1247 532 1487 592 macula
1510 543 1652 593 ante
1684 535 1930 595 oculum

189 646 227 686 a
257 635 583 705 conspecto
615 626 758 696 sole,
781 625 877 685 vel
906 625 1050 704 igne
1081 625 1518 696 candescente3
1551 629 1729 706 quale
1760 630 1929 690 deni-

190 740 308 798 que
339 731 432 780 est
463 720 787 779 somnium.
878 720 1035 779 Sunt
1066 720 1228 779 enim
1258 721 1392 780 haec
1418 722 1623 781 omnia
1654 725 1763 782 sub
1788 745 1931 784 vex-

188 814 292 874 illo
321 813 680 893 phantasiae,
705 814 887 874 nullis
917 814 1072 875 fulta
1102 815 1482 894 corporibuS‚
1506 816 1660 875 nulli
1691 820 1933 898 corpori

187 908 533 969 insidentia.

273 1002 355 1062 A.
403 1002 528 1062 Cur
579 1012 805 1076 autem,
854 1003 1100 1083 quando
1154 1004 1346 1064 solem
1396 1014 1504 1064 aut
1552 1004 1781 1079 lunam,
1826 1016 1935 1067 aut

189 1097 357 1157 aliud
386 1117 609 1177 corpus
651 1098 928 1171 intueris,
959 1119 1084 1159 non
1112 1099 1217 1159 illa
1257 1119 1500 1180 quoque
1531 1107 1775 1179 spectra
1803 1121 1934 1161 esse

191 1191 377 1265 dicaS,
409 1200 469 1251 et
500 1191 972 1271 phantasmata?

272 1287 353 1347 B.
398 1287 603 1346 Etiam
631 1287 874 1346 illorum
904 1287 1315 1366 apparitiones
1344 1289 1775 1368 phantasmata
1805 1310 1934 1350 esse

191 1380 347 1441 dico,
437 1382 824 1460 Quamquam
871 1382 1034 1440 enim
1082 1382 1190 1456 sol,
1239 1392 1311 1442 ut
1358 1393 1421 1443 et
1463 1404 1644 1443 omne
1692 1404 1933 1463 corpuS‚

190 1476 437 1536 realiter
467 1477 689 1536 existat
712 1487 774 1535 et
805 1487 1069 1550 maneat,
1090 1477 1352 1537 circulus
1374 1487 1583 1538 tamen
1607 1478 1708 1538 ille
1734 1480 1936 1558 splen-

191 1570 389 1644 didus,
436 1570 875 1649 magnitudinis
927 1570 1022 1649 (ut
1063 1571 1332 1650 videtur)
1383 1573 1636 1652 pedaliS,
1678 1574 1768 1634 sol
1809 1595 1935 1635 non

191 1675 305 1740 est,
365 1666 483 1725 nisi
531 1665 734 1744 plures
794 1665 915 1725 sint
972 1666 1149 1726 soles.
1238 1667 1400 1727 Nam
1450 1668 1514 1727 in
1563 1669 1739 1728 vitris
1798 1690 1934 1748 quae

194 1761 458 1840 speciem
476 1760 909 1839 multiplicant,
929 1760 1169 1821 videres
1192 1762 1413 1841 viginti
1432 1763 1609 1838 soles,
1630 1763 1681 1823 si
1704 1765 1936 1843 species

190 1856 295 1916 illa
325 1864 483 1916 esset
505 1855 634 1934 ipse
656 1855 761 1915 sol.
851 1856 964 1915 Est
988 1857 1128 1916 solis
1153 1858 1453 1937 apparitio
1473 1868 1735 1938 utroque
1756 1860 1934 1919 oculo

193 1971 322 2011 sua.
409 1952 567 2010 Item
610 1971 734 2010 uno
779 1951 957 2010 oculo
995 1952 1246 2030 paulum
1289 1952 1557 2027 detorto,
1603 1953 1725 2013 duo
1776 1955 1934 2014 fiunt

192 2046 348 2105 soles
393 2045 458 2105 in
508 2045 683 2118 coeIO,
724 2045 823 2105 vel
874 2055 1090 2105 neuter
1133 2047 1223 2106 sol
1269 2056 1380 2107 est.
1470 2047 1679 2107 Etiam
1719 2048 1936 2108 eodem

190 2151 468 2220 tempore
497 2140 740 2200 videtur
771 2140 860 2199 sol
889 2140 952 2200 in
998 2141 1154 2201 coelo
1202 2153 1266 2201 et
1310 2142 1374 2201 in
1413 2142 1685 2217 flumine,
1716 2143 1782 2202 id
1823 2153 1935 2216 est,

189 2244 409 2296 neuter
437 2255 649 2295 eorum
681 2235 772 2295 sol
803 2244 912 2295 est.

275 2330 355 2390 A.
405 2330 720 2409 Siquidem
760 2330 892 2390 haec
921 2350 1067 2389 vera
1114 2339 1277 2404 sunt,
1313 2330 1491 2391 video
1530 2340 1931 2410 sequuturum

190 2425 295 2485 illa
319 2445 456 2504 quae
485 2445 522 2484 a
553 2424 752 2484 doctis
782 2425 1169 2504 appellantur
1207 2425 1551 2486 accidentia
1581 2447 1930 2506 corporum,

190 2528 413 2599 praeter
443 2529 677 2579 motum
720 2528 782 2579 et
811 2520 1298 2599 magnitudinem
1330 2522 1537 2582 omnia
1577 2542 1710 2582 esse
1739 2523 1932 2602 phan-

191 2623 476 2687 tasmata,
533 2634 659 2674 non
720 2616 974 2694 objectis
1033 2615 1140 2675 sed
1193 2616 1480 2676 sentienti
1532 2617 1932 2678 adhaerentia.

195 2707 318 2766 Sed
345 2708 507 2767 unde
538 2709 760 2783 evenit,
789 2718 861 2768 ut
885 2730 1145 2789 corpora
1174 2731 1212 2770 a
1243 2711 1425 2771 certis
1456 2712 1748 2791 gradibus
1773 2712 1934 2772 calo-

194 2802 278 2860 ris
311 2801 430 2861 alia
454 2802 824 2863 candescant
854 2813 915 2864 et
943 2805 1211 2881 luceant,
1244 2806 1364 2865 alia
1391 2827 1516 2866 non
1545 2807 1792 2867 luceant
1818 2806 1838 2865 ?

281 2895 362 2954 Β.
409 2895 687 2975 Corpora
742 2918 878 2977 quae
934 2899 1144 2959 lucent
1209 2901 1415 2960 omnia
1465 2910 1701 2961 motum
1760 2901 1933 2961 illum

194 2989 443 3063 habent,
474 3010 656 3069 quem
685 2994 975 3071 supposui
1005 3014 1136 3054 esse
1166 2995 1230 3054 in
1261 2995 1388 3056 sole
1431 3007 1494 3055 et
1533 3004 1719 3056 terra.
1818 2995 1933 3055 Cui

193 3083 410 3156 motui,
439 3095 510 3143 ut
532 3085 639 3144 fiat
659 3085 784 3159 lux,
810 3096 1015 3146 certus
1034 3089 1367 3168 requiritur
1388 3090 1615 3169 gradus
1637 3091 1933 3151 velocita-

193 3178 293 3251 tis,
347 3197 467 3256 quo
518 3178 765 3238 visionis
823 3200 1122 3259 organum
1181 3184 1327 3243 satis
1384 3185 1629 3245 fortiter
1685 3205 1931 3245 movere

193 3271 405 3351 possit.
491 3271 713 3332 Omnia
756 3294 1014 3353 corpora
1058 3297 1182 3337 non
1226 3279 1406 3338 nimis
1444 3280 1652 3353 fluida,
1705 3301 1742 3340 a
1788 3280 1932 3338 satis

194 3386 419 3444 magno
451 3366 652 3426 calore
698 3367 1008 3430 lucebunt.
1094 3373 1368 3447 Ferrum,
1399 3374 1574 3453 lapis,
1606 3395 1822 3434 aurum
1852 3373 1928 3431 ab

195 3460 338 3539 igne
367 3460 724 3520 vehemente
754 3461 1062 3524 lucebunt.
1151 3466 1332 3546 Aqua
1353 3489 1475 3528 non
1508 3469 1756 3542 lucebit,
1790 3466 1932 3545 quia

194 3565 402 3635 partes
432 3555 561 3633 ejus
591 3564 733 3615 ante
763 3556 1010 3617 avolant
1050 3579 1231 3638 quam
1277 3562 1538 3641 gradum
1584 3560 1928 3622 velocitatis

2008 562 2119 595 CAP.
2146 561 2214 593 IV.

2018 671 2076 706 De
2093 670 2214 706 calore

2021 729 2058 760 et
2071 725 2166 760 luce.
