2462 4120
599 399 1125 442 MATHEMATICAE
1159 399 1565 441 HODIERNAE.
1661 438 1663 441 .
1834 384 1944 448 187

212 557 460 600 numero
492 537 908 610 terminorum,
939 556 1231 596 excessus
1279 536 1384 595 ille
1428 556 1621 615 supra
1649 537 1951 596 rationem
2005 557 2256 592 mAmGus

212 631 741 713 subquadruplam
786 632 879 690 ita
925 631 1203 690 continuo
1248 631 1577 704 minuatur,
1607 641 1676 691 ut
1707 633 1953 692 tandem

215 727 478 808 quolibet
507 725 883 806 assignabili
929 726 1125 785 minor
1162 725 1412 796 evadat,
1446 725 1551 798 (ut
1585 729 1808 803 patet)
1830 749 1852 794 ;
1897 726 1955 785 si

214 824 277 883 in
326 822 622 900 infinitum
655 821 1062 902 procedatur,
1099 839 1373 900 prorsus
1430 820 1783 879 evaniturus
1841 829 1954 880 est.

213 917 507 997 Adeoque
566 918 731 996 (quae
781 926 875 975 est
916 914 1256 995 propositio
1286 913 1398 990 xli)
1460 913 1519 971 si
1557 922 1959 993 proponatur

212 1012 408 1071 series
460 1011 705 1089 infinita
755 1011 1172 1091 quantitatum
1222 1008 1286 1067 in
1330 1006 1665 1088 triplicata
1713 1008 1961 1067 ratione

213 1106 601 1166 arithmetice
645 1103 1233 1187 proportionalium,
1291 1103 1418 1162 Sive
1473 1103 1668 1180 juxta
1738 1102 1960 1160 seriem

214 1221 601 1260 numerorum
665 1199 1003 1260 cubicorum
1077 1199 1359 1259 continue
1432 1197 1853 1270 crescentium,
1920 1218 1961 1256 a

204 1304 439 1375 puncto
467 1317 576 1356 seu
606 1303 644 1356 0
677 1295 1101 1355 inchoatarum
1121 1317 1144 1362 ;
1188 1293 1310 1353 erit
1341 1292 1448 1352 ille
1487 1292 1576 1351 ad
1616 1291 1839 1351 seriem
1870 1300 1961 1350 to-

218 1390 408 1449 tidem
459 1391 742 1451 maaeimoe
789 1389 1134 1470 aequalium,
1179 1397 1248 1447 ut
1283 1397 1307 1448 l
1347 1386 1438 1447 ad
1463 1396 1540 1448 4:
1586 1387 1805 1447 falsum
1846 1398 1956 1447 est.

220 1495 333 1553 Est
374 1496 537 1554 enim
566 1495 631 1554 in
661 1496 861 1574 prima
899 1495 1055 1555 serie
1089 1481 1210 1575 ῗζζ,
1259 1514 1496 1554 summa
1537 1494 1962 1564 crescentium,

220 1595 416 1672 major
466 1614 649 1672 quam
706 1593 1163 1673 subquadrupla
1219 1593 1480 1653 totidem
1537 1593 1962 1664 maximarum,

220 1698 396 1747 tanto
444 1698 674 1767 quanta
723 1700 813 1748 est
866 1689 1131 1748 semissis
1176 1689 1449 1748 unitatis.
1540 1689 1614 1747 In
1662 1688 1818 1747 serie
1871 1707 1963 1747 se·-

223 1782 443 1855 cunda,
465 1803 701 1843 summa
730 1784 1137 1843 crescentium
1167 1794 1411 1862 superat
1442 1783 1965 1862 subquadruplam

223 1877 623 1938 maximarum
669 1880 866 1939 tribus
918 1880 1275 1939 unitatibus,
1364 1880 1437 1938 In
1489 1880 1693 1952 tertia,
1747 1898 1971 1938 novem

223 1973 589 2042 unitatibus3
615 1983 732 2034 ete.
779 1974 1112 2053 Quousque
1135 1974 1593 2053 procedendum
1617 1994 1745 2033 esse
1768 1982 1971 2053 putaS,

223 2077 293 2127 ut
322 2087 558 2127 summa
588 2069 994 2128 crescentium
1018 2068 1097 2128 sit
1120 2068 1372 2129 tandem
1399 2069 1803 2128 maximarum
1836 2068 1975 2127 sub-

228 2163 568 2242 quadrupla
592 2162 613 2221 ἓ

312 2257 392 2316 B.
442 2257 692 2319 Quanto
744 2258 880 2337 plus
931 2260 1286 2338 proceditur
1329 2268 1504 2320 tanto
1546 2261 1739 2339 pejus,
1828 2259 1975 2318 Pro-

226 2353 447 2432 positio
477 2364 571 2412 est
599 2353 769 2414 falsa.

311 2445 387 2505 A.
434 2448 672 2507 Deinde
718 2450 1133 2529 propositione
1164 2450 1333 2509 xliii:
1380 2450 1564 2524 Pari,
1601 2449 1822 2528 inquit,
1855 2469 1973 2506 me-

233 2541 414 2601 thodo
462 2544 802 2602 invenietur
832 2545 1002 2604 ratio
1048 2545 1243 2604 seriei
1284 2545 1536 2623 infinita>
1567 2544 1976 2624 quantitatum

233 2633 294 2692 in
325 2635 563 2695 ratione
614 2638 1119 2719 quadruplicata.
1160 2638 1640 2720 quintuplicata,
1671 2637 1976 2717 sextupli-

235 2735 398 2800 cata,
436 2738 575 2803 etc„
606 2732 998 2792 arithmetice
1033 2732 1626 2814 proportionalium,
1667 2754 1707 2791 a
1743 2740 1977 2812 puncto

237 2840 346 2878 seu
396 2828 435 2881 Ο
486 2823 930 2899 inchoatarum,
980 2828 1071 2887 ad
1117 2827 1342 2886 seriem
1391 2826 1642 2886 totidem
1695 2826 1978 2885 maoeimoe

241 2915 560 2993 oequalium
578 2941 601 2986 ;
644 2940 859 3000 nempe
889 2922 950 2980 iu
980 2922 1464 3002 quadruplicata
1501 2929 1524 2981 l
1563 2921 1654 2981 ad
1681 2929 1736 2994 5,
1761 2929 1875 2980 etc.

326 3009 408 3068 B.
452 3010 691 3070 Falsum
722 3025 851 3083 est;
897 3036 974 3074 ne
1006 3017 1333 3075 examines,

328 3103 407 3162 A.
455 3105 586 3164 Imo
615 3126 779 3179 ver0,
812 3109 958 3187 quid
988 3111 1249 3169 afferant
1278 3111 1420 3170 novi
1451 3131 1588 3189 quae
1619 3118 1976 3188 sequuntur,

241 3197 496 3257 ulterius
546 3219 623 3257 ne
676 3221 1060 3279 quaeramus3
1106 3226 1247 3265 eum
1306 3207 1381 3265 ab
1440 3207 1535 3265 his
1595 3204 1979 3284 dependeant

243 3301 467 3350 caetera
494 3292 716 3353 omnia.

327 3386 408 3444 B.
458 3386 554 3445 Ne
624 3389 946 3468 imaginari
1018 3393 1269 3472 quidem
1326 3414 1573 3473 possum
1634 3394 1977 3471 quicquam,

247 3480 414 3557 quod
443 3490 549 3540 aut
577 3481 884 3543 Wallisius
914 3495 1020 3546 aut
1050 3507 1262 3548 eorum
1286 3489 1446 3548 ullus
1499 3489 1606 3566 qui
1634 3488 1821 3546 libros
1852 3486 1981 3561 ejus

246 3574 441 3633 literis
471 3574 548 3633 ad
598 3576 796 3654 ipsum
829 3581 1071 3658 scriptis
1110 3582 1535 3655 laudaverunt,
1584 3592 1798 3640 contra
1847 3579 1980 3637 haeo

248 3677 374 3728 tam
397 3670 714 3748 perspicue
745 3671 1161 3736 demonstrata
1189 3678 1405 3736 afferre
1435 3685 1709 3754 possunt.

2116 627 2165 658 V·

2018 681 2258 711 x-q——d
