2462 4120
585 321 706 374 256
1115 336 1202 378 DE
1237 337 1518 379 NATURA
1550 336 1775 377 AERIS.

584 473 911 533 ascendere
968 476 1183 535 eodem
1243 487 1466 536 conatu
1524 497 1642 554 quo
1704 476 1901 536 tendit
1953 479 2314 538 naturaliter

585 567 886 640 deorsum,
918 569 1064 647 quid
1093 571 1263 629 fieret
1287 571 1306 629 ?

672 661 749 720 B.
796 663 939 735 Aer,
965 684 1170 724 rursus
1201 685 1417 744 aquam
1437 675 1779 741 penetranS‚
1803 664 2007 724 locum
2035 665 2099 724 in
2129 666 2315 744 cylin-

587 755 696 815 dro
729 768 1068 834 capesseret
1097 758 1464 816 inferiorem.

668 851 750 909 A.
799 850 925 910 Cur
954 861 1155 911 autem
1182 852 1343 910 idem
1368 871 1492 909 non
1518 851 1919 929 contingeret,
1940 853 1991 911 si
2020 873 2130 931 pro
2157 872 2315 931 aqua

581 965 944 1023 poneremus
975 947 1038 1005 in
1070 946 1344 1025 cylindro
1372 954 1695 1023 argentum
1723 946 1927 1005 vivum
1952 946 1971 1004 ?

666 1040 748 1098 B.
796 1039 1126 1119 Continget
1157 1040 1338 1098 idem.

665 1132 745 1193 A.
792 1134 1010 1213 Cogita
1033 1136 1160 1212 jam
1197 1135 1259 1191 in
1292 1133 1707 1211 experimento
1739 1135 2193 1208 TorricellianO,
2217 1157 2312 1195 ar-

581 1236 836 1303 gentum
875 1229 1078 1286 vivum
1124 1227 1490 1285 descendere
1533 1228 1595 1285 in
1642 1229 1981 1305 subjectum
2015 1249 2137 1302 vaS,
2170 1250 2313 1289 con-

582 1320 783 1380 tinens
835 1322 1018 1380 etiam
1071 1331 1393 1399 argentum
1436 1322 1681 1389 vivum;
1734 1332 2056 1400 argentum
2109 1333 2314 1382 autem

579 1414 779 1474 vivum
826 1416 988 1494 quod
1035 1416 1098 1474 in
1128 1435 1269 1474 vase
1312 1425 1421 1488 est,
1454 1415 1781 1474 ascendere
1829 1416 2045 1475 eodem
2090 1428 2315 1477 conatu

580 1529 699 1587 quo
730 1510 1044 1568 descendit
1089 1510 1151 1567 in
1199 1509 1493 1588 cylindrO,
1526 1520 1587 1568 et
1623 1530 1898 1588 premere
1927 1511 2312 1572 ascendendo

580 1606 1061 1684 superjacentem
1107 1624 1331 1677 aerem,
1379 1605 1484 1683 qui
1525 1625 1647 1676 aer,
1687 1604 2026 1684 (supposito
2070 1605 2313 1665 univer-

580 1718 713 1758 sum
757 1699 1052 1758 mundum
1099 1719 1228 1758 esse
1270 1699 1568 1777 plenum),
1601 1700 1973 1778 pressionem
2007 1701 2312 1778 surgentis

579 1793 818 1870 argenti
861 1793 985 1852 vivi
1031 1794 1299 1870 effugere
1342 1813 1468 1852 non
1519 1793 1712 1871 magis
1757 1802 1980 1871 potest,
2030 1813 2210 1871 quam
2262 1794 2312 1852 si

579 1887 757 1944 ambo
810 1906 1068 1965 corpora
1117 1887 1403 1946 conclusa
1454 1897 1655 1946 essent
1711 1887 1775 1946 in
1822 1907 1945 1947 uno
1997 1897 2058 1947 et
2097 1887 2310 1947 eodem

578 1980 872 2058 cylindro,
964 1982 1169 2041 Quare
1214 1982 1621 2040 necessarium
1663 1992 1754 2040 est
1789 1990 1860 2040 ut
1895 2001 1998 2040 aer
2030 1990 2312 2060 penetret

577 2076 774 2154 ipsum
805 2067 1023 2154 corpus
1053 2077 1294 2154 argenti
1321 2076 1462 2148 vivi,
1492 2077 1587 2135 vel
1617 2085 1886 2135 transeat
1914 2076 2074 2135 inter
2102 2096 2307 2154 super-

575 2169 774 2227 ficiem
806 2171 1047 2248 argenti
1067 2170 1189 2228 vivi
1219 2189 1550 2229 convexam
1582 2179 1644 2228 et
1674 2168 1931 2246 cylindri
1960 2189 2307 2228 concavam.

576 2263 760 2322 Vides
781 2263 967 2342 igitur
990 2264 1170 2342 hujus
1191 2264 1580 2369 phaenomeni
1602 2263 1905 2322 rationem
1934 2262 2107 2322 reddi
2135 2283 2309 2342 posse

577 2357 705 2416 sine
746 2358 1159 2436 suppositione
1189 2358 1383 2432 vacui,
1413 2358 1511 2417 vel
1558 2357 1780 2431 elastri,
1812 2356 1905 2416 vel
1948 2365 2150 2417 motus
2195 2357 2310 2416 cir-

576 2451 796 2510 cularis
828 2452 1115 2530 simplicis
1145 2462 1508 2512 atomorum.

658 2546 737 2605 B.
786 2547 849 2606 Si
880 2547 1092 2626 quod*
1117 2568 1331 2607 revera
1371 2548 1526 2607 aeris
1566 2545 1803 2625 pondus
1840 2545 1936 2618 sit,
1967 2545 2064 2605 vel
2093 2545 2143 2604 si
2173 2545 2310 2604 talis

575 2649 777 2700 motus
824 2642 902 2700 sit
943 2643 1381 2720 particularum
1424 2652 1760 2701 terrearum
1802 2639 2042 2718 qualem
2071 2647 2140 2698 tu
2169 2659 2308 2718 sup-

574 2735 770 2814 poniS‚
795 2736 1025 2795 nihilne
1054 2737 1377 2796 conserunt
1407 2735 1485 2795 ad
1513 2753 1832 2794 ascensum
1862 2742 1924 2793 et
1955 2733 2310 2793 descensum

575 2830 814 2908 argenti
842 2831 964 2890 vivi
986 2831 1050 2890 in
1082 2831 1356 2910 cylindro
1383 2830 1403 2889 Ρ

661 2924 739 2983 Α.
788 2925 988 2984 Etiam
1050 2925 1415 2992 conferunt3
1494 2922 1803 2994 nimirum,
1862 2930 1933 2980 ut
1988 2929 2308 3000 argentum

574 3018 778 3077 vivum
823 3018 1197 3097 aliquantulo
1251 3018 1452 3077 minus
1497 3015 1846 3085 descendat,
1889 3036 2071 3094 quam
2113 3015 2163 3074 si
2205 3035 2309 3075 aer

575 3122 862 3172 externus
893 3113 1051 3172 esset
1078 3132 1266 3191 purus
1297 3121 1360 3170 et
1390 3111 1519 3171 sine
1547 3109 1839 3189 pondere.

662 3206 742 3266 B.
791 3205 1028 3265 Scimus
1054 3206 1217 3284 quod
1246 3205 1324 3265 ad
1353 3204 1632 3264 altissimi
1659 3203 1885 3263 montis
1916 3201 2182 3262 radicem
2212 3221 2308 3261 ar-

574 3311 831 3379 gentum
851 3301 1074 3373 vivum,
1096 3300 1259 3378 quod
1289 3308 1380 3359 est
1408 3300 1473 3359 in
1503 3298 1798 3379 cylindro,
1828 3288 2020 3376 magis
2052 3295 2309 3357 subsidit

575 3415 758 3474 quam
787 3395 851 3454 in
878 3403 1086 3455 monte
1117 3414 1371 3454 summo,

1107 3602 1136 3631 *
1176 3601 1255 3651 Sic
1279 3601 1410 3650 Edit.
1442 3605 1563 3650 1661
1593 3609 1642 3650 et
1670 3604 1811 3650 1668.
