2462 4120
503 384 616 436 140
857 395 1303 438 EXAMINATIO
1339 397 1424 438 ET
1457 396 1868 436 EMENDATIO

181 555 431 586 DIALOGUS
499 551 573 588 ex
620 531 1128 611 multiplicatione
1186 534 1430 593 termini
1479 533 1713 592 minimi
1764 534 1837 606 A,
1872 534 2065 612 primo
2115 553 2224 611 per

276 623 343 653 1v.
499 625 1004 703 multiplicantem
1063 628 1608 695 communem-M3
1655 636 1716 686 et
1763 628 2064 706 deincepS,
2115 647 2224 706 per

496 719 686 797 ipsius
716 721 1175 800 multiplicantis
1204 730 1535 800 potestates
1566 721 1776 780 ordine
1808 722 2223 793 ascendenteS,

496 833 732 892 nempe,
746 834 855 892 per
869 815 1009 874 MM
1025 816 1406 895 quadratum,
1421 815 1488 873 M
1503 815 1569 873 M
1583 815 1649 873 M
1664 816 1904 889 cubum,
1918 816 1986 875 M
1999 817 2066 875 M
2077 817 2144 875 M
2156 816 2223 874 M

498 909 793 985 quadrato
825 911 1207 988 quadratum,
1242 921 1357 968 etc.

583 1002 664 1062 B.
709 1004 925 1063 Video,

579 1097 660 1156 A.
710 1098 790 1158 Et
821 1119 949 1158 esse
980 1108 1126 1178 quot
1156 1098 1402 1157 termini
1432 1107 1525 1156 tot
1544 1106 1874 1176 potestates
1895 1096 2225 1156 ascenden-

495 1200 607 1261 teS,
639 1191 902 1270 demptis
929 1192 1198 1260 duabus3
1244 1212 1385 1250 nam
1418 1192 1486 1250 M
1519 1212 1640 1250 non
1672 1201 1764 1250 est
1806 1200 2096 1268 potestaS,
2120 1189 2227 1249 sed

498 1285 691 1344 radix.
779 1287 1321 1364 Multiplicationes
1352 1296 1556 1344 autem
1588 1294 1683 1344 tot
1713 1295 1854 1344 sunt
1885 1295 2034 1363 quot
2053 1295 2226 1354 sunt,

498 1379 746 1457 dempto
775 1400 919 1451 uno,
952 1380 1066 1458 ipsi
1096 1379 1359 1438 termini.
1446 1380 1584 1438 Jam
1616 1378 1772 1437 datis
1817 1378 2051 1437 duobus
2090 1388 2227 1437 tan-

497 1482 629 1531 tum
663 1474 938 1532 terminis
968 1474 1198 1552 primis,
1232 1473 1411 1531 datur
1442 1473 1530 1545 M,
1561 1472 1870 1543 nimirum,
1902 1471 2227 1531 dividendo

499 1566 549 1624 B
573 1586 684 1644 per
715 1566 789 1625 A.
881 1568 1193 1627 Quaeritur
1232 1577 1457 1638 autem,
1488 1566 1657 1625 verbi
1686 1566 1904 1644 gratia,
1929 1567 2226 1625 terminus

494 1670 636 1737 post
682 1661 736 1720 A
780 1673 1048 1739 quartus,
1139 1661 1347 1720 Scribe
1396 1661 1463 1719 M
1507 1669 1742 1739 quater,
1794 1669 1862 1719 ut
1894 1660 2226 1719 MMMM.

501 1754 661 1813 Quia
691 1774 833 1832 ergo
867 1754 1047 1814 datur
1066 1755 1154 1827 M,
1181 1755 1362 1814 datur
1380 1775 1620 1834 quoque
1652 1754 1986 1814 MMMM.
2032 1755 2230 1814 Datur

498 1857 700 1907 autem
747 1859 806 1907 et
857 1850 932 1907 A.
1019 1849 1216 1907 Datur
1275 1869 1421 1927 ergo
1480 1848 1879 1921 MMMMA,
1932 1849 2228 1908 terminus

501 1943 807 2020 quaesitus,
839 1964 1075 2022 nempe,
1117 1954 1367 2022 quartus
1413 1944 1760 2022 incipiendo
1792 1964 1827 2002 a
1859 1944 1928 2002 B.
2017 1943 2230 2003 Multi-

497 2037 855 2115 plicationes
881 2039 1040 2096 enim
1066 2058 1189 2097 una
1213 2038 1527 2116 pauciores
1553 2047 1697 2097 sunt
1739 2058 1920 2116 quam
1964 2037 2229 2097 termini.

583 2131 664 2189 B.
709 2132 931 2191 Teneo,
1021 2133 1101 2192 Et
1141 2133 1438 2211 siquidem
1472 2132 1768 2191 terminus
1814 2131 2229 2210 postularetur

501 2226 886 2298 centesimuS,
924 2227 1172 2285 deberet
1203 2227 1270 2285 M
1300 2225 1696 2304 multiplicari
1742 2225 1804 2283 in
1855 2244 1918 2284 se
1964 2243 2234 2303 nonage-

501 2319 618 2378 sies
664 2321 892 2393 novieS,
927 2331 986 2381 et
1032 2321 1367 2399 productus
1419 2321 1482 2379 in
1514 2321 1588 2393 A,
1619 2328 1689 2379 ut
1735 2319 2061 2378 haberetur
2110 2326 2233 2378 ter-

501 2413 700 2473 minus
733 2415 1117 2474 centesimus,

587 2507 666 2566 A.
715 2509 811 2567 Ita
841 2520 952 2568 est.
1042 2509 1163 2569 Sed
1185 2509 1357 2568 labor
1388 2508 1702 2586 aliquanto
1733 2507 1931 2565 minor
1961 2506 2097 2577 erit,
2128 2505 2234 2564 ubi

498 2601 678 2661 multi
732 2612 875 2662 sunt
923 2602 1364 2682 progressionis
1412 2601 1676 2672 termini,
1707 2602 1757 2659 si
1805 2599 2232 2678 multiplicatio

499 2697 606 2755 fiat
635 2715 744 2775 per
782 2706 1116 2774 potestates
1168 2696 1435 2755 altiores,
1524 2695 1683 2753 Nam
1729 2694 1779 2753 si
1822 2693 2234 2772 multiplicans

501 2789 576 2848 sit
624 2797 680 2862 3,
731 2810 855 2848 non
902 2802 994 2850 est
1044 2810 1289 2850 necesse
1338 2788 1691 2848 ascendenti
1737 2788 1815 2846 ad
1867 2787 2232 2860 cubiculum,

499 2883 1070 2962 multiplicationem
1132 2885 1400 2962 incipere
1459 2904 1495 2942 a
1554 2892 1626 2942 3:
1693 2901 2014 2961 possumus
2072 2882 2236 2940 enim

501 2978 766 3056 incipere
790 2999 826 3037 a
855 2979 1009 3038 cubo
1041 2980 1169 3057 ejus
1194 2984 1292 3050 27,
1325 2978 1420 3036 vel
1450 2978 1525 3036 ab
1555 2976 1674 3036 alia
1700 2976 1914 3035 altiore
1933 2985 2235 3054 potestate

501 3073 769 3150 cognita.
960 3081 963 3085 '

586 3167 665 3225 B.
717 3166 839 3225 Sed
879 3186 987 3225 cur
1017 3177 1083 3225 tu
1120 3187 1231 3245 pro
1277 3165 1720 3243 multiplicante
1764 3165 1940 3244 ponis
1981 3164 2068 3238 M,
2096 3184 2235 3224 cum

500 3261 810 3320 Wallisius
839 3270 1027 3340 ponat
1055 3261 1280 3339 ubique
1306 3260 1400 3319 R?

585 3355 663 3414 A.
712 3356 783 3414 In
807 3375 990 3415 causa
1021 3363 1186 3414 certe
1215 3375 1338 3414 non
1373 3364 1464 3413 est
1495 3353 1659 3433 quod
1688 3354 1876 3413 libeat
1894 3353 1970 3412 ab
1994 3351 2097 3410 illo
2118 3350 2237 3410 dis-

504 3449 736 3523 sentiri,
769 3450 876 3510 sed
911 3470 987 3508 ne
1035 3449 1204 3521 alios,
1234 3457 1305 3508 ut
1351 3449 1470 3521 ille,
1502 3448 1788 3508 inducam
1835 3448 1899 3506 in
1941 3465 2230 3504 errorem.

502 3549 635 3626 Ego
660 3548 821 3607 enim
844 3568 1006 3627 pono
1032 3547 1119 3618 M,
1144 3547 1384 3605 literam
1408 3544 1881 3625 multiplicantis
1902 3542 2233 3602 initialem:

503 3643 602 3701 ille
628 3643 700 3717 R,
732 3642 970 3703 literam
995 3640 1605 3702 initialem-rationis,
1675 3641 1834 3700 Nam
1858 3639 1921 3698 in
1955 3656 2235 3717 progres-
