2462 4120
643 391 1168 435 MATHEMATICAE
1204 396 1610 440 HODIERNAE.
1872 393 1983 445 185

255 532 373 592 illae
419 531 638 610 quibus
684 531 986 589 rationem
1035 531 1400 593 determinat
1443 539 1870 613 parabolalum
1929 553 1992 602 et
2046 562 2297 594 mALoGns

252 625 750 707 paraboloideum
785 625 862 684 ad
909 626 1370 706 circumscripta
1406 632 1993 713 parallelogramma.

334 723 412 781 B.
461 721 581 780 Sed
629 721 919 793 rationeS,
963 742 1111 800 quas
1155 724 1508 802 assignavit,
1539 747 1698 787 verae
1740 740 1900 803 sunt,
1932 742 1994 793 et

250 838 288 876 a
319 815 761 876 mathematicis
792 826 1074 896 receptae.

335 911 414 971 A.
461 912 620 969 Vere
651 911 916 991 quidem,
943 922 1005 972 et
1022 912 1259 992 jamdiu
1289 914 1664 976 circumlatae
1696 928 1856 992 sunt,
1887 922 1994 981 sed

250 1006 380 1065 sine
412 1006 948 1066 demonstratione.

260 1131 262 1133 >
338 1101 416 1160 Β.
464 1101 918 1162 Demonstratae
949 1110 1159 1161 extant
1190 1103 1266 1161 ab
1289 1102 1558 1175 Hobbio,
1588 1124 1718 1184 cap.
1748 1107 1828 1165 vii
1854 1108 1993 1168 libri

253 1215 342 1255 DE
379 1215 720 1268 CORPORE,
753 1197 1023 1256 editione
1053 1197 1291 1257 Latina.

333 1290 410 1351 A.
456 1292 796 1370 Propositio
818 1293 1033 1352 xxxix:
1081 1293 1156 1352 Si
1172 1301 1567 1374 proponatur
1591 1295 1787 1354 series
1806 1318 1990 1376 quan-

250 1386 497 1446 titatum
537 1386 600 1445 in
635 1386 963 1467 triplicata
1002 1387 1249 1446 ¹ratione
1289 1388 1679 1449 arithmetice
1716 1411 1993 1471 propor-

252 1481 592 1554 tionalium,
616 1480 743 1539 Sive
756 1482 952 1559 juxta
975 1482 1196 1541 seriem
1226 1503 1609 1543 numerorum
1628 1483 1992 1558 cubicorum,

250 1575 530 1634 continue
564 1576 980 1649 crescentium,
1014 1597 1054 1634 a
1088 1585 1325 1656 puncto
1357 1576 1458 1636 vel
1484 1585 1522 1638 Ο
1555 1579 2005 1658 inchoatarum,-

239 1678 403 1750 puta
441 1678 506 1728 ut
544 1677 602 1742 O,
645 1678 693 1742 l,
727 1677 783 1741 8,
815 1672 914 1743 27,
947 1678 1049 1744 64,
1082 1678 1214 1745 ete„
1252 1671 1641 1751 propositum
1679 1673 1764 1732 sit
1799 1674 1994 1754 inqui-

250 1784 391 1822 rere
421 1785 603 1844 quam
631 1763 854 1823 habeat
885 1763 998 1823 illa
1028 1766 1327 1824 rationem
1361 1765 1450 1824 ad
1486 1767 1709 1826 seriem
1740 1769 1994 1828 totidem

251 1859 533 1918 maximce
564 1858 905 1939 (equalium.
1000 1860 1154 1919 Fiat
1182 1860 1582 1941 investigatio
1606 1883 1728 1942 per
1758 1864 1994 1924 modum

251 1952 631 2029 inductionis,
664 1963 731 2014 ut
760 1954 823 2014 in
853 1975 1024 2034 prop.
1068 1956 1089 2014 i
1120 1964 1183 2015 et
1211 1957 1334 2016 xix.
1422 1956 1697 2038 Eritque

694 2367 1169 2406 0÷1÷8÷27=36
1267 2370 1292 2404 4
1327 2369 1570 2433 :14-1—

658 2422 1098 2472 27÷27÷27†27=
1112 2419 1232 2470 108Ξ
1257 2435 1304 2469 12
1400 2437 1425 2470 4
1510 2435 1556 2469 12

333 2527 424 2586 Et
469 2528 560 2586 Sic
607 2528 918 2609 deinceps,
1008 2529 1198 2588 Ratio
1233 2529 1600 2609 proveniens
1639 2539 1734 2590 est
1772 2531 1992 2613 ubique

250 2623 451 2699 major
479 2643 656 2702 quam-
686 2622 1173 2704 subquadrupla,
1194 2644 1302 2681 seu
1328 2623 1378 2687 ὲ.
1445 2623 1762 2684 Ea‘cessus
1793 2635 1991 2686 autem

239 2726 544 2795 perpetuo
606 2718 930 2791 decrescit,
980 2727 1174 2798 prout
1242 2739 1449 2776 nume?
1452 2740 1524 2777 us
1595 2721 1990 2781 terminorum

251 2819 518 2889 augetur
521 2859 535 2884 ,
557 2809 822 2891 puta—s,
843 2810 937 2888 ‡—,
958 2810 1044 2888 3¹—,
1073 2811 1156 2888 ᾗ,
1179 2810 1268 2890 327,
1292 2810 1383 2888 2—2,
1406 2822 1560 2881 ete„
1554 2838 1566 2849 ·
1610 2826 1789 2876 aucto
1819 2817 1991 2876 nimi-

251 2921 385 2961 rum
413 2904 768 2982 fractionis
799 2908 1274 2981 denominatore,
1295 2909 1424 2967 Sive
1453 2919 1852 2990 consequente
1882 2932 1988 2971 ra-

254 2996 454 3069 tioniS,
500 2998 562 3057 in
605 3000 874 3080 singulis
910 3002 1081 3075 tocie,
1126 3023 1373 3062 numero
1425 3006 1842 3082 quaternariO,
1886 3008 1990 3081 (ut

239 3094 483 3169 patet),
514 3102 580 3151 ut
609 3094 692 3153 sit
722 3096 985 3155 rationis
1025 3097 1446 3177 provenientis
1476 3118 1764 3157 excessus
1793 3120 1988 3180 supra

254 3183 799 3267 subquadruplum,
833 3211 908 3249 ea
942 3213 1115 3270 quam
1153 3190 1333 3250 habet
1363 3191 1570 3250 unitas
1599 3193 1690 3252 ad
1713 3196 1986 3273 quadru-

239 3278 418 3359 plum
442 3282 673 3340 numeri
706 3284 1096 3344 terminorum
1114 3294 1267 3366 post
1290 3293 1347 3346 Ο.
1438 3285 1750 3365 Adeoque.

333 3373 412 3431 B.
458 3374 687 3433 Eadem
745 3389 838 3436 est
893 3380 1217 3439 methodus
1269 3400 1404 3459 quae
1456 3380 1518 3438 in
1571 3383 1985 3460 propositione

248 3466 370 3526 xix.
459 3467 560 3526 An
590 3478 652 3528 et
681 3470 863 3530 iidem
894 3475 1168 3534 errores?

334 3565 412 3621 A.
461 3563 644 3622 Plane
674 3563 874 3627 iidem.
938 3567 1097 3628 Nam
1127 3571 1178 3629 si
1203 3565 1386 3645 θεὲ
1403 3565 1517 3647 4-1—
1545 3572 1810 3631 rationes
1840 3570 1981 3644 sint,

251 3655 621 3735 impossibile
670 3668 759 3719 est
802 3670 867 3719 ut
915 3663 1070 3722 ratio
1112 3673 1148 3724 2
1180 3665 1258 3725 ad
1291 3674 1325 3726 4
1361 3668 1438 3728 sit
1475 3666 1720 3745 aequalis
1752 3664 1982 3724 duabus

2158 630 2204 661 V.
