2462 4120
677 396 1147 440 PROBLEMATA
1179 399 1501 442 PHYSICA.
1841 389 1955 442 331

301 537 384 598 Β.
427 536 687 616 Decepit
717 545 780 597 te
807 538 1134 617 phantasia
1161 547 1288 600 tua.
1379 539 1445 599 Si
1467 540 1756 599 baculum
1779 560 1965 600 manu

215 638 448 704 tenenS,
475 632 647 710 cujus
672 631 749 690 sit
777 631 975 710 ignita
998 652 1140 710 pars
1164 642 1439 693 extrema
1460 643 1531 693 ut
1554 634 1775 707 luceat,
1797 634 1964 694 illam

214 726 509 787 velociter
537 743 804 798 moveas,
838 727 1038 806 sitque
1068 739 1273 788 motus
1304 729 1407 788 ille
1443 729 1776 801 circulariS,
1799 729 1965 789 vide-

216 821 387 882 bitur
415 821 685 882 circulus
716 822 813 881 vel
844 842 1022 882 arcus
1055 823 1268 883 circuli
1313 823 1546 901 ignitus
1574 848 1589 892 ;
1637 824 1730 882 sin
1760 832 1964 882 motus

217 916 297 976 sit
328 925 556 990 rectuS,
587 916 752 976 linea
792 926 965 978 recta
1014 917 1217 997 ignea,
1261 919 1459 997 major
1489 917 1586 977 vel
1621 918 1822 976 minor
1850 938 1964 995 pro

217 1010 460 1070 ratione
489 1010 834 1071 velocitatis
858 1021 922 1072 et
951 1012 1136 1092 spatii
1167 1012 1332 1092 quod
1349 1012 1759 1092 percurritur:
1793 1012 1965 1090 cujus

214 1105 305 1165 rei
336 1125 587 1166 causam
620 1107 769 1166 satis
799 1107 984 1167 nosti.

297 1201 380 1262 A.
427 1202 688 1262 Causam
728 1212 880 1281 puto
929 1222 1081 1277 esse,
1124 1201 1290 1282 quod
1335 1208 1541 1262 motus
1581 1202 1658 1261 ab
1711 1202 1967 1279 impres-

217 1296 387 1358 sione
455 1297 657 1376 prima
712 1297 778 1356 in
840 1317 1073 1376 organo
1134 1297 1378 1357 duravit
1434 1316 1629 1375 usque
1687 1295 1835 1355 dum
1891 1295 1967 1354 ab

218 1392 463 1470 objecto
492 1391 636 1471 igne
668 1401 838 1451 totus
869 1392 1157 1464 cirquUS,
1186 1391 1286 1452 vel
1316 1399 1450 1452 tota
1471 1391 1636 1451 linea
1663 1399 1834 1450 recta
1864 1389 1968 1448 de-

218 1487 450 1566 scripta
489 1496 667 1546 esset.
755 1487 849 1546 Ex
896 1507 1017 1566 quo
1060 1487 1475 1546 necessarium
1516 1494 1668 1559 erat,
1698 1495 1770 1545 ut
1807 1484 1969 1564 ignis

216 1582 320 1643 ille
348 1582 414 1641 in
434 1581 715 1641 omnibus
743 1581 940 1655 lineae,
961 1582 1087 1641 sive
1109 1590 1296 1642 rectae
1326 1581 1451 1641 sive
1476 1601 1699 1654 curvae,
1722 1580 1971 1660 punctis

218 1676 400 1736 simul
427 1676 757 1749 videretur,
789 1696 929 1736 cum
952 1677 1028 1736 ab
1052 1676 1220 1736 omni
1247 1686 1425 1756 parte
1455 1696 1701 1737 sensum
1732 1694 1972 1755 semper

219 1771 536 1851 aequaliter
558 1770 874 1830 excitaret.

305 1865 386 1926 B.
437 1865 702 1926 Causam
733 1865 931 1945 ipsam
961 1864 1189 1926 dixisti.
1267 1866 1549 1926 Scintilla
1569 1865 1754 1945 ignis,
1786 1865 1973 1925 etiam

218 1960 473 2021 minima
500 1960 772 2034 visibilis,
802 1961 1097 2021 velociter
1136 1961 1478 2022 ascendens
1518 1961 1767 2021 videtur
1813 1961 1978 2021 linea

217 2057 417 2135 ignea.
507 2055 767 2134 Propter
814 2055 1078 2115 eundem
1117 2056 1291 2116 illum
1338 2066 1576 2117 motum
1606 2076 1789 2136 quem
1838 2076 1978 2134 sup-

217 2149 417 2229 posui,
457 2149 705 2210 videtur
751 2151 937 2210 etiam
983 2151 1182 2211 latior.
1274 2152 1355 2212 Et
1402 2161 1733 2231 propterea
1778 2151 1977 2211 omnis

217 2245 464 2305 flamma
486 2246 831 2306 necessario
861 2256 1118 2326 apparet
1147 2248 1343 2308 multo
1374 2249 1591 2327 major,
1628 2247 1804 2326 (puto
1840 2246 1979 2326 plus

224 2361 410 2420 quam
439 2341 671 2400 centies
699 2342 935 2420 major),
969 2362 1154 2420 quam
1184 2353 1280 2402 est
1321 2361 1542 2421 corpus
1571 2342 1774 2421 ipsum
1812 2341 1978 2402 unde

225 2435 370 2496 exit.

310 2529 390 2592 A.
439 2529 735 2590 Scintillae
755 2530 904 2609 quid
935 2531 1120 2592 sunt?

309 2625 392 2684 B.
441 2624 599 2684 Sunt
626 2625 801 2703 ligni,
833 2626 933 2686 vel
974 2628 1391 2706 cujuscunque
1422 2626 1699 2706 corporis
1741 2625 1979 2684 inflam-

227 2718 398 2791 mati,
444 2719 854 2781 minutissima
889 2721 1124 2782 frusta:
1171 2741 1310 2800 quae
1354 2721 1550 2781 frusta
1595 2741 1632 2781 a
1659 2729 1834 2780 motu
1871 2720 1977 2779 illo

227 2813 495 2893 primum
526 2814 866 2893 eriguntur,
900 2816 1121 2877 deinde
1166 2816 1580 2895 effringuntur
1629 2824 1691 2876 et
1731 2815 1979 2876 evolant

230 2927 371 2967 cum
400 2927 539 2967 aere
568 2928 692 2968 una
713 2911 1102 2972 ascendente.
1197 2912 1320 2973 Sed
1350 2920 1682 2991 antequam
1712 2911 1976 2980 evolant,

233 3002 285 3061 si
313 3001 474 3080 ignis
503 3002 921 3082 extinguatur,
953 3015 1159 3084 partes
1187 3007 1309 3066 illae
1339 3016 1562 3066 erectae
1591 3026 1707 3065 nec
1748 3013 1978 3065 evectae

229 3105 516 3156 naturam
565 3097 796 3157 habent
833 3098 1107 3178 fuliginis
1131 3125 1144 3160 :
1192 3109 1254 3161 et
1307 3110 1451 3161 sunt
1501 3099 1977 3171 combustibileS,

232 3189 300 3250 id
321 3198 435 3262 est,
461 3189 845 3269 dissipabiles
874 3192 939 3252 in
967 3194 1165 3255 frusta
1194 3195 1397 3255 adhuc
1426 3195 1779 3255 minutiora.

317 3283 398 3343 A.
447 3283 650 3343 Etiam
696 3304 729 3344 e
778 3284 1175 3364 frigidissimo
1225 3290 1429 3369 lapide
1473 3289 1731 3349 extundi
1777 3295 1980 3367 potest

234 3377 499 3437 scintilla
546 3377 775 3438 lucens.
866 3380 1009 3440 Non
1039 3382 1283 3443 videtur
1309 3404 1455 3463 ergo
1487 3385 1686 3444 omnis
1717 3380 1981 3443 scintilla

232 3481 488 3550 propter
517 3472 783 3532 calorem
813 3474 1252 3552 splendescere.

315 3563 394 3623 B.
442 3565 614 3626 Non:
648 3565 774 3641 sed,
799 3577 870 3627 ut
895 3568 1022 3628 dixi
1045 3580 1208 3644 ante,
1233 3571 1392 3632 calet
1411 3580 1473 3632 et
1495 3570 1775 3650 splendet
1796 3587 1979 3647 prop-

234 3666 331 3719 ter
363 3659 535 3720 illum
565 3679 747 3738 quem
777 3661 959 3722 toties
1000 3663 1125 3724 dixi
1168 3674 1422 3726 motum.
1514 3665 1725 3724 Motus
1772 3670 1978 3722 autem

2043 558 2155 590 CAP.
2181 557 2251 590 1v.

2032 615 2271 643 s-Y-—ae

2052 668 2109 703 De
2129 667 2248 702 calore

2050 726 2087 757 et
2101 722 2197 757 luce.
