2462 4120
163 520 275 551 CAP.
295 521 328 552 Ι.

109 624 165 658 De
183 626 370 670 gravitate.

437 352 558 404 310
897 366 1363 409 PROBLEMATA
1395 367 1719 408 PHYsloA.

441 498 751 558 Quoniam
824 503 989 562 enim
1044 513 1226 563 terrae
1285 505 1416 563 axis
1475 524 1586 582 per
1643 524 1886 563 omnem
1943 514 2180 565 motum

439 611 712 652 annuum
742 613 980 673 semper
1003 606 1096 656 est
1120 598 1235 656 sibi
1265 598 1382 675 ipsi
1401 598 1747 675 parallelus,
1771 599 2182 658 necessarium

439 695 532 743 est
582 686 691 745 tali
740 689 1149 765 parallelismo
1203 691 1641 764 conservande,
1693 700 1764 750 ut
1812 692 1940 770 poli
1981 701 2183 752 motus

437 778 619 855 hujus
651 789 714 839 et
743 791 945 841 motus
975 783 1163 842 annui
1201 783 1325 841 sint
1366 784 1589 842 iidem:
1637 794 1937 863 quantum
1967 785 2185 843 saltem

433 871 712 947 judicare
736 894 946 934 sensus
971 885 1195 954 potest.
1243 876 1522 936 Circulus
1549 878 1711 936 enim
1737 898 1918 955 quem
1940 878 2186 955 punctis

440 967 669 1038 notavi,
691 976 752 1027 et
780 969 943 1028 intra
966 989 1145 1047 quem
1170 970 1403 1029 moveri
1434 980 1663 1029 terram
1694 990 1995 1048 supponO,
2015 990 2186 1048 mag-

439 1059 785 1120 nitudinem
814 1072 1100 1141 respectu
1135 1063 1277 1122 solis
1315 1064 1503 1123 habet
1542 1063 1996 1123 insensibilem:
2041 1083 2186 1123 nam

440 1172 719 1232 suppono
750 1157 869 1214 hoc
900 1176 1163 1234 quoque.

521 1246 603 1307 A.
636 1249 766 1307 Etsi
787 1250 932 1308 satis
951 1250 1290 1327 intelligam
1311 1270 1431 1328 quo
1451 1250 1632 1309 modo
1652 1251 1862 1328 gravia
1879 1251 2185 1324 deorsum,

438 1340 624 1419 idque
667 1343 959 1401 velociter
1002 1343 1067 1402 in
1107 1344 1310 1403 medio
1363 1344 1499 1403 loco
1551 1345 1711 1403 inter
1758 1344 1934 1422 polos
1979 1354 2186 1403 motus

438 1435 640 1513 hujus,
665 1436 729 1494 id
753 1445 866 1508 est,
891 1436 1004 1494 sub
1030 1436 1373 1514 eclipticam
1400 1437 1795 1514 dejiciantur:
1828 1457 1955 1496 non
1977 1447 2187 1495 tamen

441 1529 588 1587 satis
613 1529 807 1607 capi0,
833 1529 1142 1607 quomodo
1171 1530 1336 1589 idem
1367 1531 1500 1589 fieri
1525 1531 1719 1608 possit
1748 1531 1860 1590 sub
1886 1530 2187 1609 eclipticae

440 1622 633 1699 polos,
739 1623 1031 1682 Dicturus
1090 1624 1253 1682 enim
1300 1633 1452 1702 puto
1509 1644 1635 1682 non
1686 1643 1769 1696 ες,
1822 1623 1988 1702 quod
2033 1623 2188 1702 lapis

441 1715 761 1774 descendit
818 1716 1088 1776 velocius
1147 1718 1311 1776 inter
1375 1718 1668 1795 tropiCOS‚
1742 1737 1925 1795 quam
1994 1735 2188 1795 prope

439 1809 613 1887 polos
644 1809 964 1886 eclipticae.

523 1904 607 1962 B.
655 1903 798 1962 Non
842 1903 1037 1962 multo
1078 1903 1327 1982 quidem
1372 1904 1665 1964 velocius.
1754 1905 1933 1964 Potes
1980 1913 2186 1963 autem

442 1996 967 2070 animadvertisse,
1029 1997 1193 2074 quod
1259 1998 1436 2056 flocci
1506 1998 1664 2056 nivis
1723 2018 1844 2076 quo
1903 1997 2188 2076 proprius

438 2089 754 2148 acceditur
804 2090 885 2149 ad
941 2091 1135 2168 poIOS,
1196 2110 1268 2149 eo
1328 2092 1590 2169 majores
1649 2101 1832 2150 sunt:
1898 2091 1964 2149 id
2023 2090 2189 2168 quod

441 2183 681 2260 signum
739 2203 864 2242 non
922 2183 1242 2242 minimum
1292 2194 1404 2255 est,
1467 2184 1632 2262 quod
1690 2184 1920 2243 cadunt
1970 2204 2007 2242 a
2051 2184 2189 2244 loco

442 2278 794 2337 sublimiore
825 2277 989 2355 apud
1018 2297 1130 2336 nos
1162 2298 1344 2356 quam
1374 2278 1433 2336 in
1474 2278 1752 2356 partibus
1780 2278 1924 2356 polo
1956 2277 2190 2337 arctico

442 2372 1024 2450 propinquioribus3
1091 2381 1152 2431 et
1200 2373 1277 2431 ob
1330 2392 1466 2431 eam
1519 2392 1764 2431 causam
1807 2373 1873 2431 in
1922 2371 2190 2430 minores

442 2475 650 2542 partes
703 2464 978 2523 cadendo
1027 2464 1408 2536 dividuntur,
1461 2485 1631 2523 more
1690 2484 1866 2542 aquae
1924 2464 2000 2523 ab
2061 2463 2189 2522 alta

442 2577 595 2636 rupe
625 2558 1215 2636 perpendiculariter
1256 2557 1615 2617 decidentis,
1706 2558 1829 2618 Sed
1879 2567 2190 2635 utcunque

443 2650 509 2709 id
556 2652 654 2723 sit,
705 2652 912 2711 videre
960 2661 1136 2730 potes
1185 2672 1261 2710 ex
1310 2651 1444 2729 ipsa
1487 2652 1702 2729 figura,
1764 2650 1928 2729 quod
1985 2659 2191 2710 motus

443 2745 658 2823 rejecti
688 2747 845 2804 aeris
879 2746 942 2804 in
974 2747 1023 2804 E
1055 2754 1116 2803 et
1145 2745 1192 2802 F
1230 2764 1356 2803 non
1386 2752 1478 2803 est
1507 2744 1587 2803 ad
1616 2754 1845 2804 terram
1866 2743 2193 2823 perpendi-

445 2838 684 2910 culariS,
718 2838 826 2896 sed
865 2838 1064 2897 tendit
1092 2837 1317 2916 partim
1345 2838 1592 2916 quidem
1622 2838 1686 2896 in
1722 2838 1934 2911 altum,
1965 2837 2192 2916 partim

444 2951 591 2990 vero
635 2951 843 2990 versus
882 2932 1097 3009 polos:
1146 2942 1208 2990 et
1254 2941 1584 3009 propterea
1630 2932 1818 2990 etiam
1867 2931 1979 2990 sub
2026 2931 2192 3008 ipsos

445 3025 619 3104 polos
650 3045 775 3084 non
805 3026 1001 3090 multo
1034 3025 1268 3084 tardius
1313 3034 1593 3084 movetur
1633 3046 1817 3103 quam
1863 3025 2025 3084 inter
2063 3032 2192 3083 tro-

444 3119 633 3198 picos,
721 3120 1043 3191 Praeterea,
1076 3128 1315 3178 motum
1345 3120 1508 3178 hunc
1541 3139 1821 3197 suppono
1851 3138 1977 3177 non
2007 3116 2192 3176 modo

445 3215 509 3272 in
554 3224 738 3284 terra,
788 3212 897 3270 sed
944 3213 1130 3271 etiam
1178 3213 1243 3271 in
1295 3212 1440 3284 sole,
1495 3223 1557 3272 et
1606 3213 1771 3285 luna,
1825 3220 1887 3271 et
1940 3209 2192 3287 reliquis

447 3305 636 3365 stellis
666 3314 794 3364 tam
818 3306 961 3364 fixis
990 3326 1173 3384 quam
1204 3307 1548 3366 errantibus
1572 3330 1584 3365 :
1628 3326 1890 3384 quorum
1912 3314 2194 3364 motuum

449 3399 913 3478 compositione,
959 3408 1161 3458 motus
1214 3401 1371 3460 aeris
1403 3420 1439 3460 a
1481 3399 1685 3459 medio
1733 3398 1947 3458 mundi
1982 3413 2193 3457 versus

445 3493 621 3571 polos
651 3492 859 3570 augeri
889 3492 1271 3569 aliquantum
1300 3513 1550 3553 necesse
1581 3502 1692 3552 est.

531 3587 612 3646 A.
659 3585 1000 3645 Verisimile
1043 3594 1153 3645 est.
