2462 4120
615 383 1137 427 MATHEMATICAE
1172 382 1575 423 HomERNAE.
1844 369 1963 423 219

234 528 382 589 facti
435 546 472 585 a
528 523 884 601 rectangnlo
944 519 1065 582 DG
1123 529 1216 580 est
1271 520 1336 578 in
1392 520 1575 598 plano
1635 529 1838 580 erecto
1886 520 1965 580 ad
2026 538 2278 576 nmmo-us

237 623 508 682 chartam
537 618 599 676 in
631 622 715 689 ζζ,
747 626 811 675 et
853 615 1173 693 utriusque
1215 623 1497 672 centrum
1539 614 1858 691 gravitatis
1902 615 1968 673 in
2122 608 2189 642 v1.
2265 664 2275 678 ,

235 726 406 774 recta
435 732 570 791 quae
600 711 746 770 facit
777 731 916 770 cum
947 710 1244 769 diametro
1275 707 1369 766 sui
1399 707 1754 786 quadrantis
1780 729 1971 787 angu-

236 809 363 868 lum
432 805 844 866 inclinationis
904 805 1313 875 semirectum,
1374 822 1634 880 cumque
1693 813 1972 862 centrum

236 901 554 982 gravitatis
586 900 762 960 solidi
786 921 823 959 a
845 898 1242 959 conversione
1272 896 1454 956 simili
1477 896 1769 974 trianguli
1789 893 1973 958 DBG

237 997 316 1056 sit
345 995 624 1055 similiter
652 995 919 1073 positum
954 993 1032 1053 ad
1061 992 1313 1071 planum
1342 1010 1523 1068 super
1551 1027 1644 1067 γγ,
1677 990 1793 1048 erit
1833 1010 1973 1049 cen-

238 1100 403 1149 trum
432 1088 751 1168 gravitatis
788 1087 967 1147 solidi
1007 1085 1326 1165 propositi,
1377 1094 1630 1163 propter
1672 1083 1976 1142 rationem

238 1183 733 1263 magnitudinum
764 1191 800 1242 2
834 1182 912 1241 ad
950 1190 1000 1253 l,
1038 1182 1103 1240 in
1148 1201 1219 1239 eo
1260 1179 1445 1259 plano
1487 1177 1654 1257 quod
1704 1178 1892 1237 distat
1941 1198 1978 1237 a

238 1280 422 1359 plano
452 1298 561 1357 per
591 1281 657 1344 ΖΖ
687 1297 762 1336 ex
791 1277 983 1336 altera
1012 1284 1205 1354 parte,
1242 1274 1331 1333 ita
1373 1281 1444 1332 ut
1494 1272 1785 1332 distantia
1815 1276 1870 1339 ιζ
1899 1271 1978 1330 sit

241 1373 322 1434 ad
352 1372 706 1432 distantiam
739 1373 888 1451 ejus,
921 1390 995 1429 ex
1038 1370 1231 1429 altera
1276 1377 1452 1447 parte
1498 1367 1811 1446 reciproce
1842 1375 1909 1425 ut
1938 1374 1975 1425 2

242 1468 322 1528 ad
351 1476 402 1527 l.
475 1467 609 1526 Erit
638 1486 783 1544 ergo
816 1476 1092 1525 centrum
1124 1464 1443 1543 gravitatis
1473 1462 1649 1522 solidi
1676 1461 1980 1541 propositi

243 1564 306 1622 in
329 1562 511 1642 plano
538 1560 703 1639 quod
732 1560 808 1619 ad
839 1560 1089 1639 planum
1114 1559 1343 1619 chartae
1373 1567 1466 1618 est
1495 1566 1768 1618 erectum
1795 1557 1860 1616 in
1884 1584 1979 1615 σσ.

245 1657 405 1716 Nam
437 1674 488 1727 ιζ
518 1666 612 1714 est
643 1663 699 1728 3,
734 1674 993 1732 quorum
1025 1673 1088 1726 ζσ
1117 1665 1212 1713 est
1243 1652 1329 1728 ξ.
1419 1653 1669 1725 Rursus,
1701 1660 1984 1711 centrum

244 1750 560 1830 gravitatis
606 1749 783 1809 solidi
823 1748 1123 1828 propositi
1175 1757 1267 1807 est
1313 1737 1609 1820 inrecta,
1657 1767 1796 1827 quae
1839 1745 1988 1805 facit

247 1865 386 1905 cum
415 1853 584 1903 recta
614 1871 690 1900 σσ
724 1843 1016 1921 angulum
1048 1841 1456 1902 semirectum.
1539 1842 1874 1902 Rectarum
1897 1840 1987 1914 ὃὸ,

246 1969 350 2021 υχ,
380 1938 731 1998 intersectio
778 1938 855 1997 sit
899 1965 959 1996 ω.
1067 1936 1374 1997 Quoniam
1415 1938 1542 2015 jam
1573 1965 1649 1995 ωυ
1679 1945 1771 1997 est
1800 1935 1880 1995 ad
1909 1963 1990 1993 ωτ

246 2044 316 2094 ut
345 2042 381 2094 2
420 2033 499 2093 ad
547 2041 596 2106 l,
653 2032 719 2092 id
765 2042 879 2105 est,
924 2033 990 2091 in
1039 2031 1276 2091 ratione
1328 2032 1505 2091 solidi
1554 2032 1854 2111 propositi
1911 2029 1992 2090 ad

250 2129 507 2189 solidum
528 2128 761 2187 factum
785 2149 821 2188 a
841 2128 1021 2187 simili
1041 2127 1438 2187 conversione
1461 2127 1753 2207 trianguli
1773 2127 1829 2187 D
1843 2126 1893 2186 B
1908 2125 1987 2195 Ἐς

251 2234 315 2283 et
372 2232 650 2283 centrum
710 2223 1031 2302 gravitatis
1105 2222 1284 2282 solidi
1351 2242 1388 2281 a
1444 2223 1755 2302 triangulo
1814 2222 1992 2282 DBF

253 2328 347 2378 est
374 2319 437 2378 in
467 2344 534 2387 υς
581 2318 632 2377 si
660 2319 770 2378 fiat
800 2347 839 2376 ω
871 2328 1149 2377 centrum
1178 2317 1369 2390 librae,
1416 2318 1666 2377 distabit
1711 2327 1993 2377 centrum

253 2413 570 2493 gravitatis
602 2413 778 2473 solidi
807 2413 1105 2492 propositi
1145 2432 1182 2471 a
1221 2422 1435 2471 centro
1475 2413 1647 2472 librae
1679 2441 1739 2485 ω,
1786 2413 1874 2471 ita
1922 2422 1994 2471 ut

256 2508 549 2568 distantia
583 2536 664 2566 υω
710 2509 789 2568 sit
841 2508 1027 2587 dupla
1075 2507 1382 2567 distantiae
1432 2508 1630 2568 centri
1675 2506 1994 2586 gravitatis

259 2602 434 2660 solidi
458 2603 755 2681 propositi
785 2603 860 2662 ab
895 2602 1111 2662 eodem
1132 2611 1362 2680 puncto
1393 2630 1451 2662 ω.
1517 2602 1651 2661 Erit
1681 2622 1828 2681 ergo
1858 2602 1922 2661 in
1945 2629 1994 2660 τ.

262 2695 445 2755 Quod
473 2706 606 2756 erat
635 2696 1198 2757 demonstrandum.

350 2787 622 2850 Consect.
740 2792 1030 2869 Sequitur
1083 2791 1227 2850 hinc
1275 2800 1575 2870 punctum
1621 2820 1682 2865 ω,
1733 2791 1999 2870 positum

262 2883 410 2941 item
437 2883 702 2967 inrecta
731 2886 830 2959 δω,
861 2886 948 2946 ita
986 2897 1056 2945 ut
1095 2886 1281 2946 faciat
1323 2906 1463 2946 cum
1505 2896 1676 2946 recta
1705 2887 1777 2944 ὃὸ
1807 2906 2000 2964 angu-

262 2976 390 3034 lum
420 2978 826 3053 semirectum,
859 3000 989 3039 esse
1022 2990 1304 3040 centrum
1335 2981 1656 3060 gravitatis
1684 2980 2000 3058 utriusque

266 3070 444 3129 simul
474 3071 667 3144 solidi,
697 3093 916 3153 nempe
947 3075 1123 3135 solidi
1166 3077 1483 3155 propositi,
1531 3085 1592 3135 et
1636 3075 1814 3136 solidi
1851 3074 2003 3134 facti

267 3185 304 3224 a
333 3164 513 3223 simili
543 3169 939 3228 conversione
978 3170 1268 3249 trianguli
1298 3169 1500 3230 DBF.

355 3258 435 3318 B.
483 3258 679 3319 Credo
711 3261 1011 3339 equidem,
1044 3274 1106 3323 et
1133 3275 1434 3342 praeterea
1461 3274 1761 3344 punctum
1793 3264 1841 3323 C
1872 3283 2003 3322 esse

271 3364 551 3412 centrum
591 3356 906 3433 gravitatis
952 3359 1270 3437 utriusque
1325 3359 1504 3419 simul
1546 3360 1743 3432 solidi,
1784 3376 2003 3435 nempe

271 3446 447 3506 solidi
495 3448 810 3526 propositi,
856 3459 918 3509 et
967 3452 1143 3511 solidi
1196 3454 1360 3531 quod
1409 3455 1479 3513 fit
1529 3474 1566 3513 a
1612 3452 2004 3513 conversione

273 3540 455 3599 simili
477 3541 643 3619 plani
668 3542 1018 3619 cycloidalis
1047 3548 1283 3605 externi
1315 3546 1426 3606 BF
1439 3545 1511 3609 G.
1597 3547 1789 3606 Video
1821 3545 2005 3604 etiam

271 3635 480 3694 basem
512 3633 559 3693 F
572 3634 628 3694 D
659 3636 745 3695 ita
775 3636 961 3697 dividi
991 3659 1027 3698 a
1055 3640 1237 3717 plano
1278 3642 1598 3719 aequilibrii
1629 3669 1723 3715 σσ,
1754 3650 1822 3699 ut
1864 3659 2004 3718 pars
