2462 4120
879 367 1442 410 GEOMETRARUM.
1916 366 2033 416 455

374 506 463 565 In*
504 505 624 565 ΟΜ
686 513 963 564 sumatur
1022 505 1153 576 ΟΝ,
1214 506 1466 583 aequalis
1525 509 1851 570 semiradio
1907 511 2030 571 BG.

286 600 670 661 Producatur
707 600 822 660 AD
869 599 949 659 ad
989 628 1046 680 γ,
1088 599 1177 659 ita
1220 609 1290 659 ut
1335 601 1432 679 Ay
1463 602 1542 661 sit
1584 605 1830 682 aequalis
1879 605 2033 663 BN:

279 697 699 774 jungaturque
739 694 861 774 Νγ,
904 713 1088 773 quam
1136 705 1303 753 secet
1355 695 1456 752 EF
1496 698 1798 774 producta
1848 699 1910 757 in
1953 700 2032 759 P:

278 791 696 868 jungaturque
731 789 848 862 BP,
882 808 1094 848 secans
1126 788 1241 848 GH
1269 789 1335 847 in
1363 788 1438 848 V.

367 885 477 944 Est
507 904 653 963 ergo
691 884 826 962 (per
855 905 1032 963 prop.
1065 887 1165 951 47.
1198 883 1391 943 Elem.
1410 883 1456 957 i)
1488 884 1857 962 quadratum
1878 908 1914 946 a
1935 888 2036 948 BP

283 976 609 1057 decuplum
642 978 926 1058 quadrati
957 979 1033 1037 ab
1065 977 1193 1036 NP.
1282 978 1395 1037 Est
1430 986 1638 1036 autem
1669 980 2036 1057 quadratum

281 1092 319 1131 a
347 1072 518 1132 radio
549 1073 658 1132 AB
685 1073 1098 1152 quadruplum
1129 1072 1415 1151 quadrati
1446 1072 1523 1131 ab
1555 1072 1701 1132 NP:
1750 1084 1814 1133 et
1851 1094 2036 1154 prop-

281 1177 472 1239 terea,
505 1168 874 1246 quadratum
904 1188 941 1227 a
972 1168 1074 1227 BP
1097 1177 1191 1226 est
1222 1167 1302 1226 ad
1333 1167 1705 1246 quadratum
1734 1169 1812 1227 ab
1838 1170 1946 1228 AB
1967 1181 2037 1229 ut

291 1270 362 1323 10
393 1262 473 1322 ad
503 1270 562 1323 4.
637 1263 1030 1323 Probandum
1061 1281 1210 1342 ergo
1242 1273 1332 1323 est
1364 1272 1564 1322 rectas
1596 1263 1716 1337 BP,
1751 1263 1876 1322 ΒΜ
1908 1284 2037 1324 6556

283 1357 566 1436 aequales,

367 1452 646 1511 Ducatur
671 1452 804 1512 ΜΟ,
826 1451 1117 1531 parallela
1147 1452 1275 1524 NP,
1302 1471 1514 1511 secans
1548 1453 1649 1512 BP
1671 1452 2036 1531 productam

279 1549 346 1607 in
387 1548 465 1620 Q,
499 1558 559 1607 et
603 1549 702 1607 ΕΡ
745 1547 1113 1626 productam
1153 1547 1216 1605 in
1268 1547 1342 1606 R.
1430 1549 1564 1607 Erit
1612 1568 1759 1626 ergo
1793 1548 2037 1608 NMRP

281 1643 731 1722 rectangulum.
820 1643 1099 1702 Ducatur
1146 1663 1183 1701 a
1231 1653 1464 1721 puncto
1511 1643 1580 1702 M
1626 1642 1704 1701 ad
1752 1643 1852 1702 BP
1899 1663 2037 1722 per-

280 1738 691 1817 pendicularis
713 1738 836 1798 ΜΟ
860 1764 874 1806 ;
908 1758 1045 1816 quae
1069 1737 1373 1815 producta
1396 1737 1629 1796 incidat
1653 1738 1716 1796 in
1747 1739 1847 1796 ΕΡ
1868 1737 1947 1797 ad
1972 1739 2032 1797 S.

366 1833 524 1892 Sunt
564 1853 711 1910 ergo
759 1834 1068 1911 triangula
1099 1833 1282 1904 BNP,
1318 1833 1496 1891 BOM
1543 1833 1783 1892 similia.
1875 1832 2038 1892 Nam

279 1927 490 2006 anguli
520 1927 599 1986 ad
630 1928 687 1986 N
720 1937 781 1987 et
811 1928 864 1987 O
892 1937 1034 1986 sunt
1066 1927 1219 1986 recti
1249 1927 1536 2005 aequales,
1571 1937 1634 1985 et
1666 1927 1926 2004 angulus
1957 1930 2038 1988 ad

281 2023 331 2082 B
380 2023 740 2082 communis.
835 2023 1042 2083 Quare
1096 2021 1280 2081 etiam
1340 2022 1552 2100 anguli
1612 2022 1815 2095 BMO,
1870 2023 2033 2082 BPN

279 2127 422 2177 sunt
452 2117 733 2201 aequales.

365 2213 429 2272 Si
452 2213 582 2290 jam
612 2222 799 2271 rectae
830 2212 966 2283 MS,
992 2211 1125 2272 ΜΘ,
1159 2221 1301 2270 sunt
1331 2211 1614 2290 aequales‚
1641 2211 2033 2270 manifestum

278 2316 371 2367 est
419 2307 682 2386 aequales
735 2326 980 2385 quoque
1029 2326 1162 2366 esse
1209 2307 1372 2365 inter
1423 2326 1487 2365 se
1535 2317 1669 2365 tum
1719 2307 1841 2379 RS,
1895 2306 2033 2376 OQ,

276 2410 408 2462 tum
439 2403 623 2462 etiam
655 2402 802 2472 ΜΟ,
849 2402 998 2471 MR,
1044 2412 1106 2461 et
1136 2411 1439 2480 praeterea
1470 2401 1598 2473 ΒΟ,
1632 2401 1783 2461 BN:
1832 2410 1894 2460 et
1922 2421 2034 2479 per

278 2517 676 2576 consequens,
709 2495 1078 2575 quadratum
1108 2517 1145 2554 a
1175 2496 1298 2554 ΒΜ
1340 2495 1420 2554 ad
1466 2495 1836 2575 quadratum
1860 2516 1897 2554 a
1928 2495 2031 2554 ΒΟ

277 2601 346 2651 ut
385 2598 456 2651 lO
489 2592 568 2650 ad
596 2600 655 2650 4.
745 2591 931 2652 Quod
961 2600 1054 2650 est
1082 2590 1486 2669 propositum.

363 2686 655 2745 Sumatur
682 2687 747 2745 in
779 2686 901 2744 ΒΜ
938 2706 1079 2764 pars
1119 2686 1309 2764 ipsius
1357 2685 1542 2744 tertia
1589 2684 1695 2756 Ba,
1729 2683 1896 2763 quod
1924 2685 2032 2744 fiet

280 2779 576 2839 sumendo
599 2781 693 2839 Ga
723 2781 970 2839 tertiam
1001 2791 1240 2859 partem
1271 2791 1458 2839 rectae
1489 2780 1620 2840 GL.
1698 2780 1896 2839 Radio
1927 2800 2028 2838 au-

280 2885 406 2933 tem
437 2874 528 2932 Βα
561 2874 943 2934 describatur
967 2896 1145 2935 arcus
1173 2876 1387 2935 circuli
1419 2896 1631 2935 secans
1661 2885 1895 2934 rectam
1921 2875 2029 2934 GV

280 2966 522 3040 alicubi,
555 2978 617 3027 et
647 2968 892 3046 quidem
929 2970 1137 3045 (sensu
1162 2970 1399 3049 judice)
1436 2971 1499 3029 in
1531 2970 1663 3048 ipso
1694 2979 1928 3048 puncto
1953 2970 2026 3028 V.

364 3061 600 3120 Rursus
660 3061 1011 3139 duplicato*
1067 3064 1172 3135 Ba,
1225 3074 1297 3122 ut,
1343 3065 1454 3122 fiat
1504 3064 1593 3139 Ββ
1639 3063 1776 3122 duae
1828 3063 2027 3122 tertiae

279 3165 466 3216 rectae
515 3156 674 3214 BM:
722 3165 782 3215 et
822 3156 994 3216 radio
1039 3156 1129 3222 Ββ
1162 3158 1545 3218 describatur
1586 3178 1764 3217 arcus
1814 3156 2028 3215 circuli

280 3270 493 3310 secans
526 3250 636 3308 CD
667 3250 731 3308 in
753 3273 830 3329 γε
875 3250 1098 3310 iterum
1132 3253 1346 3326 (sensu
1386 3252 1624 3331 judice)
1660 3260 1957 3331 punctum
1989 3278 2026 3330 γ

279 3345 397 3404 erit
426 3345 488 3403 in
520 3344 951 3403 intersectione
995 3357 1305 3405 rectarum
1339 3347 1458 3419 ΒΡ,
1492 3347 1620 3405 ΟΙ).
1709 3346 2025 3403 Postremo

279 3439 452 3498 radio
495 3448 627 3497 toto
674 3438 796 3496 ΒΜ
845 3438 1186 3516 descriptus
1232 3460 1410 3500 arcus
1452 3440 1685 3512 circuli,
1738 3437 2026 3497 transibit

919 3637 943 3662 ³⁶
982 3636 1062 3684 Sic
1087 3638 1200 3684 edit.
1234 3641 1374 3686 1668.

2081 537 2193 569 CAP.
2215 535 2366 567 xx111.

2058 642 2114 677 De
2130 642 2334 689 quantitate

2055 701 2165 731 rectae
2185 694 2392 742 composita}

2055 762 2101 785 ex
2126 750 2230 786 radio
2255 749 2394 792 circuli,

2056 809 2124 840 etc.
