2462 4120
171 535 419 568 DIALOGUS

265 603 333 633 VI.

175 660 411 687 s--f-—ae

483 364 602 418 218
840 375 1282 418 EXAMINATIO
1317 377 1401 416 ET
1434 375 1844 417 ΕΜΕΝΒΑΤῙΟ

481 512 757 572 versione
789 513 1078 592 trianguli
1108 514 1280 573 FDB
1313 534 1494 592 super
1523 516 1730 573 basem
1762 514 1910 572 FD:
1957 522 2017 572 et
2035 523 2204 573 recta
2264 586 2268 591 ,

482 635 576 679 γυ,
609 615 849 684 sumpta
878 607 940 665 in
963 617 1130 667 recta
1159 629 1295 686 quae
1326 607 1541 667 dividit
1592 628 1802 667 arcum
1853 607 2205 685 quadrantis

484 700 775 779 descripti
805 721 842 759 a
870 702 972 772 γΧ
995 702 1295 774 bifariam,
1321 701 1616 760 diameter
1645 701 1969 779 aequilibrii
1992 701 2204 774 altera,

483 804 544 853 et
575 823 645 863 γυ
677 794 941 854 dodrans
988 796 1112 854 sive
1146 802 1178 866 ἓ
1212 805 1397 854 rectae
1435 796 1551 870 Βφ,
1583 796 1647 854 id
1690 806 1803 867 est,
1850 795 2050 873 duplae
2078 794 2202 855 Αν.

482 887 698 965 Itaque
720 898 1014 966 punctum
1045 889 1491 947 intersectionis
1537 889 1851 946 ambarum
1881 916 1955 957 γυ
2001 897 2065 947 et
2094 888 2204 961 Fa,

482 981 545 1040 id
589 993 700 1054 est,
744 992 1039 1061 punctum
1090 983 1288 1061 ipsum
1316 1011 1375 1054 υ,
1422 992 1514 1039 est
1562 990 1838 1039 centrum
1889 982 2207 1058 gravitatis

483 1077 658 1135 solidi
705 1076 868 1154 quod
916 1077 988 1134 fit
1027 1096 1063 1133 a
1101 1076 1498 1134 conversione
1550 1074 1840 1151 trianguli
1885 1073 2049 1133 FDB
2098 1094 2208 1152 per

484 1170 887 1248 quadrantem
935 1170 1166 1228 circuli.
1256 1170 1462 1229 Quare
1509 1167 1686 1227 solidi
1735 1167 1898 1244 quod
1946 1168 2035 1239 fit,
2085 1178 2206 1227 etc.

485 1265 666 1326 Quod
698 1275 829 1323 erat
860 1262 1422 1322 demonstrandum.

571 1358 851 1417 Consect.
967 1357 1257 1415 Centrum
1329 1354 1647 1433 gravitatis
1714 1363 1948 1431 quartae
2021 1354 2211 1431 partis

482 1452 741 1531 cylindri
773 1450 1059 1528 descripti
1103 1470 1139 1508 a
1169 1449 1564 1508 conversione
1594 1449 1833 1526 integra
1871 1448 2211 1526 rectanguli

483 1547 603 1606 DG
649 1566 828 1624 super
868 1546 1028 1603 latus
1069 1544 1200 1615 FD,
1233 1553 1327 1602 est
1377 1543 1441 1601 in
1481 1542 1663 1621 plano
1706 1541 2063 1619 quadrantis
2110 1541 2213 1600 de-

485 1641 695 1718 scripti
747 1660 783 1698 a
810 1650 885 1711 ἐξ,
908 1639 972 1697 in
1033 1638 1322 1697 distantia
1371 1657 1408 1696 a
1456 1647 1687 1715 puncto
1725 1648 1765 1709 ξ,
1815 1636 1981 1714 quod
2020 1645 2113 1694 est
2147 1637 2212 1695 in

483 1736 647 1805 base,
667 1743 840 1793 tanta
870 1743 1100 1811 quanta
1130 1741 1222 1791 est
1252 1733 1369 1805 Βφ,
1400 1740 1461 1790 et
1485 1742 1574 1789 est
1604 1731 1666 1789 in
1696 1740 1867 1789 recta
1897 1750 2031 1808 quae
2061 1729 2213 1788 divi-

486 1830 576 1887 dit
607 1848 814 1887 arcum
863 1827 1134 1905 ejusdem
1176 1825 1530 1904 quadrantis
1569 1823 1864 1883 bifariam.
1951 1824 2028 1883 Et
2075 1843 2214 1883 cen-

482 1932 646 1981 trum
703 1921 1019 2000 gravitatis
1067 1921 1302 1979 dimidii
1349 1919 1608 1998 cylindri
1660 1918 1972 1998 ejusdem‚·
2000 1927 2093 1977 est
2148 1918 2213 1977 in

481 2027 650 2075 recta
680 2035 816 2094 quae
847 2036 918 2074 ex
952 2026 975 2079 ξ
998 2015 1255 2092 erigitur
1284 2014 1465 2092 plano
1497 2014 1726 2072 chartae
1755 2012 2212 2092 perpendicula-

486 2111 568 2170 ris
599 2111 662 2169 in
694 2110 986 2169 distantia
1009 2108 1227 2186 aequali
1257 2118 1440 2167 rectae
1470 2108 1611 2166 DT.

1063 2294 1478 2336 PROPOSITIO
1511 2293 1633 2333 XX.

567 2392 848 2451 Invenire
869 2401 1148 2451 centrum
1172 2391 1489 2470 gravitatis
1510 2389 1705 2460 solidi,
1727 2388 1892 2466 quod
1912 2389 1984 2446 fit
2013 2407 2048 2446 a
2070 2407 2214 2447 con-

484 2487 758 2546 versione
791 2487 959 2565 plani
998 2485 1348 2564 cycloidalis
1397 2483 1580 2544 DBF
1633 2483 1795 2541 circa
1838 2483 2048 2540 basem
2094 2480 2212 2540 DF

484 2602 592 2660 per
616 2581 827 2640 circuli
858 2580 1281 2658 quadrantem.

571 2677 858 2735 Sumatur
916 2686 993 2747 ξχ
1045 2675 1294 2752 aequalis
1344 2682 1527 2731 rectae
1586 2670 1705 2744 Da,
1765 2678 1826 2728 et
1884 2669 2218 2728 collocetur

487 2790 645 2829 unus
677 2772 806 2848 ejus
838 2769 1135 2828 terminus
1165 2769 1229 2827 in
1254 2776 1423 2826 recta
1452 2763 1570 2823 DF
1602 2764 1679 2823 ad
1702 2774 1756 2837 ξ,
1789 2773 1850 2823 et
1895 2764 2050 2822 alter
2094 2773 2216 2823 ter-

486 2865 685 2923 minus
715 2865 779 2923 in
808 2864 991 2941 plano
1019 2861 1375 2941 quadrantis
1405 2860 1594 2918 erecti
1623 2858 1702 2918 ad
1719 2859 1968 2937 planum
1988 2858 2217 2917 chartae

486 2961 550 3018 in
574 2967 651 3032 ἐξ,
681 2959 768 3018 ita
795 2969 866 3016 ut
894 2970 967 3029 ξχ
997 2957 1185 3016 faciat
1231 2977 1371 3015 cum
1416 2964 1588 3013 recta
1615 2964 1673 3018 εξ
1701 2953 1995 3031 angulum
2040 2951 2217 3011 semi·-

487 3062 757 3120 rectum3
793 3054 1208 3131 jungaturque
1237 3078 1335 3123 υχ,
1367 3058 1727 3126 seceturque
1763 3055 1842 3120 δε,
1874 3057 2002 3106 tam
2033 3065 2219 3125 supra

489 3168 672 3226 quam
701 3147 878 3217 infra,
899 3144 1178 3204 bifariam
1210 3165 1246 3203 a
1274 3155 1443 3203 recta
1467 3171 1495 3197 σ
1512 3171 1558 3216 a,
1592 3162 1728 3219 quae
1777 3151 1942 3200 secet
1970 3169 2044 3212 υχ
2066 3141 2131 3199 in
2173 3170 2216 3198 r.

488 3243 641 3302 Dico
663 3249 958 3320 punctum
987 3267 1012 3293 τ
1048 3259 1176 3298 esse
1199 3247 1478 3298 centrum
1513 3236 1832 3315 gravitatis
1872 3234 2049 3294 solidi
2078 3253 2218 3313 pro-

488 3335 690 3415 positi.

575 3429 880 3491 Quoniam
910 3426 1072 3486 enim
1108 3423 1367 3485 solidum
1405 3423 1787 3501 propositum
1827 3431 1920 3481 est
1960 3420 2038 3480 ad
2077 3419 2218 3479 soli-

491 3525 635 3583 dum
667 3523 1039 3600 descriptum
1069 3520 1281 3579 eodem
1321 3528 1595 3596 tempore
1642 3539 1678 3577 a
1707 3515 2062 3594 rectangulo
2095 3511 2218 3575 DG

490 3629 557 3678 ut
587 3627 623 3678 2
656 3618 734 3678 ad
766 3625 821 3689 3,
857 3618 1051 3695 (prop.
1086 3614 1245 3692 xvi),
1278 3623 1338 3674 et
1383 3623 1660 3673 centrum
1699 3610 2013 3691 gravitatis
2043 3607 2219 3669 solidi
