2462 4120
874 385 1435 427 GEOMETRARUM.
1900 373 2020 427 459

278 528 470 591 dratis
526 527 603 587 ab
658 524 874 585 eadem
925 525 1045 584 Nr.
1152 524 1262 583 Est
1318 532 1524 583 autem
1575 524 1661 584 Be
1705 524 2030 604 vigecupla
2077 547 2191 580 CAP.
2218 544 2366 578 xxm.

278 622 550 703 ejusdem
574 619 692 694 Nr,
714 628 775 679 et
804 618 1065 699 proinde
1091 617 1462 698 quadratum
1493 619 1622 697 ejus
1652 619 1883 699 aequale
1903 627 2026 681 400
2051 666 2108 700 De
2124 663 2329 711 quantitate

279 716 594 798 quadratis
627 715 703 774 ab
735 714 950 774 eadem
981 714 1040 773 N
1043 733 1097 774 r.
2048 717 2387 809 ἓξοιτῖᾶοίἓωὲἳὲιιίξ

283 867 286 872 .
360 813 470 872 Est
515 822 722 870 autem
769 808 860 868 Br
900 808 1150 888 aequalis
1193 806 1635 867 novemdecem
1679 808 1863 868 rectis
1889 809 2117 878 Nr3210.
2378 799 2388 814 '

279 915 342 968 et
370 905 736 986 quadratum
769 905 900 983 ejus
938 902 1173 982 aequale
1209 909 1323 962 361
1363 901 1680 980 quadratis
1710 904 1785 961 ab
1817 903 2031 962 eadem

278 1002 398 1062 Nr.
485 1000 692 1078 Majus
742 1018 890 1078 ergo
936 1009 1029 1058 est
1074 997 1445 1076 quadratum
1490 1004 1676 1055 rectae
1707 995 1816 1069 Br,
1851 1017 2034 1075 quam

283 1095 650 1175 quadratum
696 1104 885 1154 rectae
916 1092 1023 1153 BP
1050 1093 1177 1153 sive
1210 1091 1350 1151 ΒΜ.
1442 1091 1829 1152 Quadratum
1873 1093 2037 1151 enim

280 1212 319 1252 a
347 1190 454 1251 BP
480 1189 716 1269 aequale
747 1198 841 1249 est
869 1187 1302 1248 tantummodo
1335 1193 1456 1247 360
1477 1185 1793 1264 quadratis
1823 1187 1898 1245 ab
1918 1187 2036 1246 Nr.

366 1287 537 1348 Inter
567 1284 870 1364 quadrata
898 1304 935 1344 a
964 1282 1055 1343 Be
1084 1293 1145 1343 et
1175 1281 1318 1356 ΒΜ,
1365 1282 1430 1341 id
1475 1291 1568 1341 est
1619 1282 1783 1340 inter
1813 1288 1935 1342 400
1978 1292 2040 1341 et

286 1388 430 1454 324,
449 1389 727 1440 sumatur
755 1398 1047 1438 numerus
1077 1377 1315 1437 medius
1335 1376 1843 1456 proportionalis:
1878 1376 2042 1436 cadit

285 1477 452 1536 enim
480 1475 644 1534 inter
676 1474 983 1553 quoslibet
1016 1473 1170 1533 duos
1199 1492 1489 1532 numeros
1521 1472 1853 1551 quadratos
1882 1491 2042 1531 unus

285 1571 524 1632 medius
553 1569 1065 1649 proportionalis:
1097 1569 1337 1647 eritque
1361 1568 1463 1628 ille
1486 1587 1779 1627 numerus
1804 1568 2042 1628 medius

288 1673 435 1740 360,
465 1685 687 1743 nempe
734 1674 830 1724 tot
879 1665 1178 1744 quadrata
1215 1685 1252 1723 a
1292 1673 1466 1724 sexta
1507 1672 1683 1742 parte
1714 1661 1844 1737 BG,
1889 1674 2042 1743 quot

288 1770 430 1822 sunt
461 1760 720 1840 aequalia
743 1759 959 1819 decem
990 1759 1306 1838 quadratis
1337 1779 1374 1818 a
1405 1758 1731 1819 semiradio
1754 1767 1886 1819 toto
1910 1757 2039 1822 BG.

289 1857 506 1935 Itaque
538 1856 590 1915 si
619 1875 891 1934 gnomon
923 1854 1306 1933 circumponi
1335 1854 1720 1932 intelligatur
1738 1854 2040 1933 quadrato

289 1971 326 2011 a
355 1948 498 2023 ΒΜ,
525 1950 698 2027 cujus
727 1949 1054 2027 gnomonis
1083 1948 1348 2008 latitudo
1381 1949 1460 2008 sit
1490 1949 1616 2022 Mr‚
1637 1969 1911 2027 gnomon
1941 1950 2042 2009 ille

288 2045 536 2124 aequalis
568 2045 687 2104 erit
717 2043 1016 2123 quadrato
1047 2044 1123 2103 ab
1156 2044 1255 2103 Nr
1286 2054 1459 2103 sexta
1487 2053 1663 2122 parte
1712 2045 2042 2106 semiradii.

291 2139 610 2199 Hactenus
655 2139 822 2199 nulla
870 2158 1056 2199 causa
1100 2148 1194 2198 est
1238 2138 1562 2198 dubitandi
1607 2139 1683 2198 de
1733 2159 1907 2219 prop.
1940 2144 2041 2214 47,

289 2234 484 2294 Elem.
515 2234 558 2294 i.

374 2329 632 2401 Eumne,
673 2327 1044 2407 quadratum
1074 2347 1111 2387 a
1141 2327 1252 2386 CN
1282 2329 1511 2407 aequale
1544 2339 1639 2388 est
1670 2335 1747 2388 36
1780 2329 2042 2408 quadra-

291 2423 372 2485 tis
415 2424 491 2483 ab
537 2423 653 2483 Nr.
740 2424 852 2483 Est
899 2432 1106 2482 autem
1155 2423 1241 2482 Ce
1285 2425 1533 2503 octupla
1577 2425 1767 2503 ipsius
1812 2425 1931 2499 Nr,
1980 2436 2044 2485 et

294 2517 660 2596 quadratum
692 2520 824 2597 ejus
855 2519 1089 2596 aequale
1120 2525 1198 2577 64
1226 2519 1542 2597 quadratis
1573 2521 1649 2579 ab
1681 2519 1896 2579 eadem
1926 2521 2043 2580 Nr.

294 2613 376 2672 Et
405 2614 549 2692 quia
579 2614 665 2673 Cr
696 2614 978 2693 septupla
1007 2623 1101 2674 est
1130 2615 1320 2694 ipsius
1351 2615 1469 2689 Nr,
1512 2615 1882 2694 quadratum
1912 2617 2044 2695 ejus

298 2707 532 2785 aequale
563 2708 681 2767 erit
710 2714 789 2766 49
823 2708 1138 2786 quadratis
1167 2710 1245 2769 ab
1278 2710 1492 2770 eadem
1523 2711 1639 2770 ΝΥ.

380 2801 519 2860 Jam
551 2821 692 2860 cum
723 2801 842 2861 CM
878 2811 1139 2881 tangens
1171 2805 1252 2863 sit
1283 2812 1362 2865 30
1392 2805 1716 2883 graduum,
1750 2806 1867 2865 erit
1897 2826 2046 2886 qua-

301 2894 544 2954 dratum
592 2895 723 2972 ejus
770 2895 1134 2970 (secundum
1162 2919 1341 2978 prop.
1373 2905 1473 2974 47,
1506 2901 1698 2960 Elem.
1730 2901 1778 2977 i)
1812 2901 2046 2980 aequale

300 2995 381 3048 48
414 2988 729 3066 quadratis
761 2990 836 3049 ab
868 2991 985 3050 Nr.
1072 2993 1184 3053 Est
1214 2996 1376 3053 enim
1401 2995 1530 3067 AL,
1562 3016 1775 3056 secans
1807 3003 1886 3056 30
1911 3016 2046 3075 gra-

301 3083 511 3155 duum,
544 3082 730 3161 dupla
758 3087 1068 3163 tangentis
1097 3085 1226 3160 BL,
1258 3090 1383 3149 sive
1412 3089 1565 3160 GM3
1611 3102 1674 3151 et
1697 3090 1810 3151 AB
1841 3090 2048 3150 radius

303 3177 525 3256 duplus
577 3178 886 3238 semiradii
926 3178 1055 3242 BG.
1145 3183 1300 3244 Cum
1354 3206 1500 3265 ergo
1550 3187 1918 3265 quadratum
1970 3186 2046 3244 ab

305 3272 413 3331 AL
442 3272 523 3330 sit
553 3271 632 3331 ad
662 3273 1028 3350 quadratum
1057 3297 1094 3335 a
1123 3276 1229 3337 BL
1261 3289 1331 3339 ut
1361 3287 1397 3339 4
1431 3281 1510 3340 ad
1547 3290 1599 3355 1,
1652 3282 1768 3341 erit
1797 3280 1876 3339 ad
1905 3301 2046 3359 qua-

303 3366 551 3426 dratum
581 3366 657 3425 ab
689 3367 798 3426 AB
827 3376 897 3427 ut
928 3376 963 3427 4
989 3370 1069 3429 ad
1100 3377 1156 3431 3.
1233 3373 1441 3434 Quare
1471 3376 1657 3435 etiam
1682 3375 2051 3454 quadratum

306 3461 617 3539 tangentis
648 3459 755 3520 BL
787 3462 905 3521 erit
950 3463 1029 3522 ad
1075 3467 1441 3543 quadratum
1483 3470 1790 3529 semiradii
1838 3469 1943 3528 BG
1978 3478 2050 3528 ut

307 3566 343 3617 4
389 3558 468 3617 ad
510 3565 568 3631 3,
614 3558 739 3617 sive
792 3567 872 3619 48
918 3560 997 3619 ad
1043 3570 1142 3624 36.
1233 3567 1355 3626 Sed
1403 3569 1546 3647 quia
1588 3567 1953 3646 quadratum
2013 3587 2051 3626 a

309 3649 420 3714 BG
449 3652 582 3712 sive
606 3650 718 3713 CN
750 3663 842 3714 est
874 3661 972 3728 36,
1005 3656 1121 3718 erit
1150 3660 1518 3737 quadratum
1548 3683 1585 3723 a
1614 3660 1720 3720 BL
1754 3662 1879 3721 sive
1911 3658 2048 3733 CM,
