2462 4120
580 371 658 423 30
937 383 1378 427 EXAMINATIO
1410 386 1495 427 ET
1526 386 1930 429 EMENDATIO

264 540 515 574 mALoGus
575 516 800 595 adjecit
844 519 994 580 illud
1037 530 1339 602 quatenus
1376 521 1611 583 mobile.
1698 523 1804 583 Sin
1835 522 2105 596 dixisset,
2138 523 2298 603 phy-

368 608 400 639 1.

268 665 504 693 b-f——ae

573 611 765 670 sicam
807 615 1126 675 seientiam
1167 637 1300 676 esse
1341 617 1404 676 in
1439 638 1561 698 qua
1590 617 2079 676 demonstrantur
2107 618 2296 695 affee-

573 705 772 766 tiones
818 711 1103 789 eorporis
1148 711 1417 770 orientes
1467 733 1544 771 ex
1589 712 1723 789 ejus
1769 710 2128 785 mobilitate,
2170 731 2293 771 non

571 810 722 877 puto
780 802 1101 880 adjecisset
1159 813 1458 884 quatenus
1515 804 1747 864 mobile.
1840 805 1940 864 Sic
1989 804 2295 864 Wallisius

571 895 774 971 potuit
805 895 1044 970 dixisse,
1081 898 1428 977 geometria
1458 906 1552 957 est
1579 897 1843 957 seientia
1886 897 2115 977 magni,
2148 918 2296 976 qaa-

572 994 745 1047 tenas
774 990 1219 1062 mensurabilia,
1252 991 1357 1050 sed
1386 1011 1510 1050 non
1533 991 1975 1071 magnitudini-s·
2004 999 2297 1070 quatenus

570 1081 1001 1143 mensurabilis
1023 1108 1047 1153 ;
1090 1093 1413 1163 propterea
1442 1084 1608 1161 quod
1647 1085 1709 1142 in
1746 1104 2000 1162 corpore
2031 1085 2294 1163 quidem,

573 1175 698 1235 sive
727 1197 947 1256 magno
995 1179 1118 1237 sive
1160 1198 1366 1257 parVO,
1398 1187 1538 1237 sunt
1584 1178 1702 1237 alia
1745 1178 1937 1236 multa
1975 1198 2112 1256 quae
2151 1199 2295 1238 con-

572 1269 826 1330 siderari
850 1283 1102 1350 possunt
1124 1284 1535 1351 praeterquam
1560 1271 1722 1349 quod
1751 1272 1830 1330 sit
1858 1272 2295 1341 mensurabile;

566 1365 633 1423 in
684 1366 1104 1443 magnitudine
1162 1375 1366 1425 autem
1413 1366 1584 1424 nihil.
1671 1365 1908 1424 Deinde
1959 1365 2128 1438 illud,
2181 1367 2296 1426 sci-

570 1460 735 1519 entia
762 1460 1228 1540 magnitudini&
1260 1461 1384 1518 sive
1409 1460 1592 1518 etiam
1615 1458 1844 1538 magni,
1871 1468 2106 1518 tantem
2129 1459 2299 1520 abest

569 1554 645 1612 ab
675 1563 899 1627 ἀκριβείᾳ,
935 1563 1005 1614 ut
1036 1555 1116 1614 sit
1145 1554 1494 1616 absurdum.
1583 1554 1749 1614 Quid
1775 1573 1978 1632 quaeso
2009 1563 2103 1613 est
2132 1555 2298 1614 scire

569 1647 1067 1728 magnitudinem,
1092 1649 1188 1708 vel
1203 1638 1378 1707 'seire
1406 1668 1688 1729 magnam
1712 1651 1746 1706 ,9
1791 1647 2019 1707 Praeter
2041 1647 2295 1728 alicujus

570 1741 721 1801 dicti
743 1742 1081 1813 veritatem,
1105 1743 1255 1802 nihil
1279 1743 1419 1802 seiri
1443 1743 1703 1810 dicitur;
1747 1741 1952 1820 itaque
1975 1742 2092 1802 nisi
2121 1764 2296 1824 mag-

567 1855 705 1894 nam
737 1836 813 1895 sit
838 1837 1204 1916 propositio,
1237 1837 1377 1896 sciri
1405 1857 1528 1896 non
1556 1845 1778 1915 potest.

649 1930 731 1989 B.
782 1931 1103 1991 Quomodo
1129 1931 1339 1991 definit
1368 1931 1853 1990 arithmeticam?

648 2024 731 2083 A.
778 2025 1243 2084 Aritkmetieam
1298 2045 1442 2085 vero
1492 2046 1625 2085 esse
1676 2023 1993 2084 seientiam
2041 2025 2292 2099 numeri,

567 2125 860 2198 qnatenus
890 2118 1306 2178 numerabili&

648 2213 730 2273 B.
783 2213 1006 2272 Eadem
1037 2222 1177 2273 sunt
1206 2223 1267 2272 et
1295 2213 1395 2272 hic
1424 2213 1590 2272 vitia.

648 2307 729 2365 A.
776 2307 1128 2366 Posteriori
1156 2327 1298 2365 vero
1329 2307 1518 2379 moclo,
1557 2304 1963 2386 geometriam
2006 2302 2144 2362 dieo
2173 2304 2296 2364 sci-

565 2400 791 2460 entiam
817 2399 965 2459 bene
988 2400 1378 2459 mensurandi
1399 2423 1423 2468 ;
1467 2398 1918 2459 arithmeticam
1946 2406 2147 2457 autem
2174 2399 2292 2458 sei-

566 2494 793 2553 entiam
826 2493 968 2552 bene
995 2493 1626 2554 numerandi—Quid
1656 2502 1750 2551 est
1779 2511 2131 2551 mensurare
2157 2491 2177 2550 Ρ

647 2588 730 2647 Β.
777 2588 1130 2647 Mensuram
1150 2588 1435 2648 definiisti
1454 2608 1653 2667 supra,
1679 2587 2030 2646 describens
2048 2586 2113 2645 id
2132 2586 2295 2664 quod

563 2679 798 2740 faciunt
828 2682 932 2759 qui
962 2681 1194 2760 aliquid
1222 2693 1596 2754 mensurant,
1636 2681 1926 2740 nimirum
1955 2699 2295 2738 mensuram

564 2794 699 2833 esse
728 2773 1217 2854 applicationem,
1249 2776 1351 2833 &Q
1440 2775 1654 2853 Itaque
1683 2793 2034 2832 mensurare
2070 2780 2161 2832 est
2189 2793 2294 2850 ap-

564 2868 791 2947 plicare
822 2887 1165 2927 mensuram
1195 2868 1273 2927 ad
1303 2867 1782 2947 magnitudinem
1803 2865 2292 2939 mensurandam,

567 2958 801 3041 quoties
846 2950 980 3020 fieri
1029 2970 1252 3040 potest,
1302 2971 1374 3020 ut
1421 2981 1722 3022 mensurae
1762 2961 1839 3020 ad
1878 2969 2295 3019 mensuratum

564 3057 723 3116 ratio
762 3055 841 3114 ad
880 3075 1123 3114 sensum
1164 3063 1521 3134 exponatur.
1609 3056 1823 3133 Itaque
1860 3073 2119 3132 corpora
2148 3073 2293 3112 con-

565 3150 841 3210 sistentia
871 3148 1116 3228 quidem
1144 3168 1253 3227 per
1283 3148 1503 3220 linea-5,
1547 3149 1779 3227 liquida
1822 3157 2028 3207 autem
2065 3157 2129 3207 et
2157 3167 2292 3225 quae

566 3244 751 3304 fluida
780 3253 922 3303 sunt
949 3262 1059 3321 per
1086 3262 1260 3314 vasa,
1291 3244 1628 3301 mensurari
1657 3243 1876 3302 solent.

646 3339 726 3399 A.
772 3339 993 3398 Nonne
1024 3356 1168 3414 ergo
1194 3336 1350 3395 bene
1373 3356 1723 3395 mensurare
1753 3337 1974 3406 sciunt,
1998 3334 2103 3414 qui
2124 3353 2293 3393 men-

562 3453 732 3495 suras
754 3430 1172 3492 mensurandis
1194 3431 1350 3489 bene
1378 3442 1725 3504 προσαρμόζειν,
1757 3429 1822 3488 id
1851 3439 1964 3502 est,
1988 3428 2292 3508 applicare-

563 3525 806 3589 sciunt?
893 3525 1120 3586 Omnes
1173 3543 1319 3602 ergo
1371 3523 1667 3596 homineS,
1716 3543 1826 3601 per
1873 3522 2292 3582 definitionem

563 3625 723 3684 hano
753 3619 1030 3692 Wallisii,
1078 3627 1238 3691 sunt,
1277 3637 1403 3678 non
1431 3616 1631 3677 minus
1662 3636 1843 3694 quam
1871 3617 2019 3695 ipse,
2049 3635 2291 3695 geome-
