2462 4120
630 392 1097 438 PRoBLEMATA
1131 396 1453 438 PHYsmA.
1789 388 1906 440 345

254 537 336 598 A.
383 536 506 598 Qui
553 536 686 595 fieri
725 545 931 615 potest
983 545 1054 594 ut
1089 534 1261 594 navis
1292 555 1328 594 a
1355 544 1540 595 vento
1579 546 1737 610 acta,
1769 559 1909 617 pro-
1998 561 2110 593 CAP.
2137 561 2206 594 v1.

170 632 485 711 grediatur
530 639 739 690 tamen
792 629 1118 708 aliquando
1164 629 1228 687 in
1273 628 1487 688 eadem
1522 630 1683 691 linea
1719 643 1907 708 recta,
1932 677 2266 723 Depluvwfflu„

171 727 343 806 quasi
371 746 408 785 a
434 735 620 785 vento
651 746 774 784 non
807 724 1068 804 impulsa
1099 723 1207 783 sed
1236 725 1547 783 attracta?
1930 731 2083 777 ahisque
2110 730 2265 767 ⁰0³¹*ae

1932 786 2134 821 rietatibus.

255 821 336 880 B.
384 819 551 880 Scire
600 820 769 898 prius
823 828 1088 897 oportet,
1130 817 1295 896 quod
1346 837 1568 896 corpus
1620 840 1798 880 omne
1843 822 1908 882 in

168 914 335 974 aliud
365 935 588 994 corpus
617 915 983 993 impingenS,
1010 914 1136 973 sive
1166 912 1756 991 perpendiculariter
1785 916 1909 976 sive

169 1009 412 1087 oblique
441 1008 739 1081 incidenS,
772 1027 1011 1087 semper
1055 1016 1263 1067 tamen
1302 1006 1431 1085 agit
1475 1007 1538 1065 in
1583 1008 1744 1067 linea
1774 1029 1910 1087 quae

167 1112 263 1164 est
290 1103 369 1163 ad
399 1102 784 1182 superficiem
814 1102 1087 1181 corporis
1117 1102 1182 1160 in
1214 1101 1380 1180 quod
1410 1101 1627 1160 incidit
1656 1122 1911 1181 perpen-

169 1197 478 1258 dicularis,
565 1197 846 1276 Exempli
891 1217 1113 1256 causa:
1156 1197 1283 1275 pila
1325 1196 1525 1256 ferrea
1565 1217 1598 1256 e
1638 1197 1911 1276 sclopeto

167 1293 230 1353 in
259 1293 560 1372 parietem
590 1293 792 1365 missa,
825 1312 959 1351 eam
1005 1292 1263 1351 aliamve
1311 1291 1631 1351 materiam
1673 1292 1761 1351 ita
1802 1292 1914 1351 im-

166 1387 360 1467 pellit,
392 1397 464 1446 ut
493 1406 635 1466 pars
674 1387 800 1446 icta
840 1386 1128 1446 recedere
1177 1395 1435 1464 cogatur
1483 1387 1549 1446 in
1584 1386 1747 1446 linea
1775 1407 1912 1466 quae

172 1491 265 1541 est
315 1482 393 1542 ab
442 1482 828 1561 superficiem
878 1481 1422 1560 perpendicularis,
1511 1482 1674 1542 Nam
1720 1483 1771 1541 si
1814 1482 1913 1543 via

165 1576 308 1656 pilae
352 1577 432 1637 sit
476 1577 556 1636 ad
592 1576 891 1655 parietem
943 1576 1211 1655 obliqua,
1251 1586 1454 1636 motus
1494 1579 1624 1656 ejus
1663 1597 1912 1656 compo-

167 1681 351 1731 netur
380 1691 454 1731 ex
479 1670 716 1730 duobus
746 1671 1034 1743 motibUS,
1057 1671 1250 1731 altero
1282 1671 1362 1730 ad
1388 1672 1687 1750 parietem
1716 1672 1914 1751 paral-

166 1765 307 1838 lelo,
365 1766 558 1825 altero
617 1765 1127 1844 perpendiculari.
1217 1767 1271 1824 A
1324 1787 1584 1845 quorum
1634 1776 1913 1827 motuum

166 1860 365 1938 primo
396 1859 599 1920 nullus
629 1860 694 1919 in
724 1860 958 1939 pariete
991 1861 1242 1920 effectus
1275 1881 1404 1921 esse
1433 1871 1655 1940 potest.
1742 1862 1913 1922 Ictus

167 1975 315 2035 ergo
345 1965 515 2015 totus
555 1955 673 2014 erit
701 1975 738 2015 a
766 1965 941 2015 motu
986 1955 1201 2029 altem,
1242 1976 1462 2036 nempe
1506 1957 1913 2036 perpendicu-

165 2050 278 2110 lari
305 2073 319 2110 :
363 2070 550 2130 quare
580 2070 720 2129 pars
753 2051 1006 2130 parietis
1054 2071 1342 2130 percussa
1378 2051 1628 2112 recedet
1656 2053 1720 2112 in
1749 2053 1915 2113 linea

165 2145 655 2224 perpendiculari
685 2146 831 2205 sola.
920 2146 1053 2206 Nec
1100 2147 1217 2207 nisi
1263 2148 1351 2207 ita
1391 2156 1569 2219 esset,
1597 2148 1723 2208 ulla
1753 2157 1913 2208 esset

165 2240 322 2300 ictus
367 2241 598 2320 obliqui
641 2250 702 2300 et
752 2241 1275 2320 perpendicularis
1318 2241 1664 2304 differentia
1709 2243 1914 2322 quoad

165 2334 312 2394 vim.
400 2334 585 2396 Quod
613 2335 834 2394 falsum
864 2355 995 2395 esse
1028 2336 1230 2395 sciunt
1261 2356 1494 2397 omnes,

251 2428 333 2489 Α.
380 2429 707 2490 Quomodo
738 2439 943 2489 autem
973 2430 1107 2489 haec
1138 2430 1218 2490 ad
1246 2451 1464 2491 navem
1494 2432 1786 2492 transfers
1812 2433 1831 2492 ?

254 2522 335 2583 Β.
381 2523 475 2582 Sit
503 2523 621 2582 AB
661 2524 853 2596 navis,
883 2544 1069 2603 prora
1101 2525 1172 2585 A.
1870 2545 1895 2572 E

177 2616 213 2676 J
218 2636 314 2676 am
347 2617 398 2676 si
414 2626 632 2676 ventus
664 2617 852 2696 spiret
875 2618 951 2676 ab
970 2618 1026 2676 A
1044 2637 1174 2677 ver·
1655 2669 1680 2694 A
1832 2602 1841 2622 ²

169 2730 270 2769 sus
299 2710 372 2784 Β,
394 2711 684 2790 progredi
712 2713 884 2772 navis
914 2732 1038 2772 non
1068 2733 1174 2791 po·
1265 2574 1833 2972 NAEQV

170 2814 314 2878 test,
367 2806 916 2886 quomodocunque
963 2808 1175 2867 obten-

170 2919 305 2958 sum
357 2898 436 2958 sit
479 2900 700 2958 velum.
789 2901 882 2960 Sit
936 2901 1051 2961 CI)
1098 2901 1179 2960 ad
1378 2958 1405 2984 D
1719 2964 1740 2991 C

169 3012 388 3051 navem
416 2994 954 3072 perpendicularis,
979 2995 1178 3074 sitque

168 3086 372 3144 velum
391 3086 504 3146 EC
534 3088 778 3166 oblique
823 3098 1083 3160 tensum,
1115 3089 1180 3148 in

171 3200 536 3258 quocunque
558 3182 782 3260 angulo
802 3183 998 3243 ECA.
1060 3185 1181 3242 Sit-

173 3294 289 3352 que
313 3273 410 3332 CF
427 3275 943 3352 perpendicularis
961 3277 1039 3336 ad
1056 3278 1180 3336 EC.

170 3366 356 3425 Vides
403 3387 549 3444 ergo
596 3388 1055 3445 progressuram
1096 3391 1315 3429 navem
1354 3391 1466 3450 pro
1514 3371 1750 3430 ratione
1793 3369 1906 3427 CA

172 3460 250 3522 ad
281 3461 336 3519 D
351 3461 415 3518 F.

255 3555 336 3615 A.
383 3555 478 3614 Ita
507 3564 617 3614 est.
707 3555 828 3615 Sed
859 3556 909 3615 si
939 3566 1154 3619 ventus
1184 3560 1312 3619 fere
1351 3558 1696 3619 contrarius
1727 3562 1906 3627 esset,
