2462 4120
573 353 651 414 70
931 368 1376 413 ΕΧΑΜΙΝΑΤΙΟ
1411 374 1494 414 ΕΤ
1526 373 1938 418 EMENDATIO

255 525 504 557 mALoGUs
570 515 677 565 est.
769 507 1058 568 Solebant
1096 511 1256 569 enim
1287 521 1637 589 geometrae,
1668 533 1807 572 cum
1848 515 2072 575 vellent
2113 518 2298 577 ratio-

348 593 401 623 ΙΙ.

260 649 495 676 s--f-ae
568 620 715 659 num
762 602 1220 663 similitudinem
1271 605 1592 683 explicare,
1639 606 1835 666 Graeci
1886 609 2128 687 quidem
2178 612 2298 671 hac

567 715 718 755 voce
757 696 846 755 uti
875 705 1010 760 οὓτως
1030 706 1144 771 ἔχει,
1184 699 1387 758 Latini
1433 719 1577 758 vero
1619 700 1754 773 hac,
1807 702 1901 760 ita
1954 723 2023 763 se
2069 704 2297 765 habet:

566 811 748 869 quam
786 791 1208 870 loquutionem
1257 793 1502 853 admisit
1550 795 1835 855 Euclides
1874 797 1939 855 in
1990 798 2300 860 definitio-·

563 906 704 944 nem
730 905 899 945 suam
929 887 1202 960 rationis,
1224 907 1404 965 quam
1435 888 1572 947 ideo
1603 890 1929 968 appellavit
1949 903 2084 947 ποιὰν
2108 904 2293 966 σχέσιν,

567 989 626 1040 et
675 981 877 1039 Latini
922 989 1154 1040 certam
1193 981 1624 1043 habitudinem.
1711 985 1791 1043 Et
1842 984 2131 1044 credibile
2183 996 2294 1060 est,

568 1075 618 1133 si
676 1075 873 1134 Graeci
934 1075 1118 1153 vulgo
1174 1095 1284 1153 pro
1334 1084 1471 1138 οὓτως
1511 1083 1605 1148 ἕχει
1663 1077 1957 1137 dixissent
2004 1085 2140 1140 οὓτως
2180 1087 2295 1156 zm,

566 1169 881 1228 Euclidem
901 1169 1290 1227 definiturum
1309 1168 1494 1227 fuisse
1517 1170 1819 1230 rationem
1837 1191 1947 1250 per
1963 1182 2102 1226 ποιὰν
2116 1179 2295 1239 οὐσίαν,

567 1271 628 1323 et
659 1263 859 1322 Latini
887 1283 996 1342 per
1027 1270 1254 1321 certam
1284 1262 1626 1323 essentiam.

653 1357 734 1417 B.
782 1358 1081 1419 Quaenam
1112 1364 1316 1415 autem
1345 1365 1438 1415 est
1468 1356 1734 1416 rationis
1765 1357 2040 1418 definitio
2065 1377 2209 1417 vera
2237 1366 2299 1417 et

567 1451 898 1512 accurata?

652 1547 733 1606 A.
783 1546 973 1605 Ratio
1002 1553 1093 1604 est
1120 1544 1344 1604 relatio
1373 1545 1795 1605 antecedentis
1818 1546 1908 1605 ad
1933 1565 2300 1625 consequens

566 1643 887 1701 secundum
916 1640 1410 1721 magnitudinem.

648 1736 729 1795 B.
777 1735 937 1796 Quid
964 1736 1043 1794 sit
1073 1734 1441 1794 antecedens
1464 1741 1526 1793 et
1549 1734 1695 1812 quid
1718 1753 2095 1813 consequens
2117 1733 2298 1793 intel-

564 1830 874 1908 ligendum
906 1840 999 1888 est
1027 1850 1101 1889 ex
1133 1829 1486 1888 definitione
1515 1828 1855 1888 relatorum
1874 1851 1897 1896 ,·
1942 1829 2050 1888 sed
2090 1837 2296 1888 tamen

566 1945 691 1984 non
722 1925 1113 2004 cognoscitur
1143 1944 1218 1983 ex
1246 1924 1360 1983 hac
1403 1923 1758 1982 defiuitione
1803 1923 2068 1982 rationis
2106 1942 2296 2001 quan-

566 2020 730 2079 titas,

653 2113 733 2172 A.
781 2113 995 2190 Neque
1031 2132 1104 2171 ex
1145 2111 1498 2171 definitione
1533 2110 1840 2189 trianguli,
1881 2110 2069 2189 ipsius
2112 2111 2297 2170 trian-

566 2208 693 2286 guli
729 2208 1053 2285 quantitas.

655 2302 733 2360 B.
780 2302 894 2360 Dic
939 2321 1084 2379 ergo
1126 2299 1434 2379 quomodo
1475 2298 1902 2377 computandae
1949 2298 2073 2357 sint
2117 2298 2298 2358 ratio-

568 2416 714 2455 num
745 2396 1115 2474 quantitates
1142 2394 1162 2453 Ρ

651 2490 733 2549 Α.
779 2490 999 2562 PrimO,
1030 2510 1155 2548 non
1187 2489 1383 2547 omnis
1413 2487 1571 2546 ratio
1603 2497 1694 2546 est
1723 2495 1971 2564 quanta.

653 2584 733 2643 B.
780 2584 1008 2642 Mirum
1037 2584 1155 2642 hoc
1187 2583 1358 2655 dicis,
1389 2582 1689 2641 rationem
1721 2581 1901 2640 aliam
1942 2601 2072 2641 esse
2112 2602 2298 2660 qnan-

567 2686 708 2747 tam,
738 2678 916 2736 aliam
946 2698 1061 2736 non
1089 2685 1400 2757 quantam.

649 2771 731 2833 Α.
778 2773 875 2831 Ita
923 2782 1055 2839 est;
1110 2793 1252 2830 nam
1304 2771 1459 2830 ratio
1506 2768 1822 2846 inaequalis
1871 2767 1950 2827 ad
2000 2767 2300 2847 inaequale

567 2866 971 2944 quantitatem
1000 2865 1203 2924 habet.
1293 2865 1414 2924 Sed
1451 2863 1606 2923 ratio
1652 2862 1900 2939 aequalis
1940 2862 2019 2921 ad
2065 2863 2301 2943 aequale

566 2961 971 3040 quantitatem
998 2979 1122 3027 non
1153 2959 1356 3017 habet.

647 3056 727 3114 B.
777 3055 982 3115 Quare
1012 3063 1216 3112 autem
1246 3073 1372 3111 non
1401 3051 1588 3110 habet
1619 3050 2024 3129 quantitatem
2050 3050 2070 3109 ?

647 3149 728 3208 A.
776 3148 938 3208 Quia
965 3167 1184 3224 nempe
1214 3147 1371 3205 ratio
1401 3165 1524 3204 non
1556 3154 1648 3204 est
1679 3145 2033 3223 simpliciter
2062 3147 2298 3225 magni-

565 3244 735 3316 tudo,
768 3242 876 3302 sed
915 3261 1053 3300 cum
1094 3240 1389 3299 relatione
1429 3238 1508 3297 ad
1553 3238 1732 3297 aliam
1774 3239 2296 3317 magnitudinem3

558 3340 735 3417 juxta
766 3356 946 3414 quam
977 3334 1330 3393 relationem
1363 3352 1486 3390 una
1511 3332 1912 3410 inaequalitas,
1945 3333 2011 3392 id
2041 3341 2150 3406 est,
2175 3353 2298 3393 una

564 3433 719 3492 ratio
749 3429 1159 3509 inaequalium,
1193 3427 1311 3486 alia
1348 3428 1561 3504 major,
1609 3427 1726 3485 alia
1772 3427 1971 3486 minor
2018 3446 2147 3486 esse
2193 3447 2296 3505 po·

562 3538 723 3596 test;
783 3546 904 3585 una
957 3533 1160 3583 autem
1207 3521 1520 3600 aequalitas
1569 3541 1693 3579 non
1743 3531 1966 3600 potest.
2070 3523 2156 3581 At
2205 3540 2296 3591 ea,

567 3642 824 3702 quorum
883 3619 999 3679 alia
1055 3619 1305 3695 majora,
1365 3616 1483 3674 alia
1541 3616 1775 3675 minora
1834 3636 1962 3675 esse
2020 3622 2295 3694 possunt,
