<?xml version="1.0" encoding="UTF-8"?>
<!DOCTYPE html PUBLIC "-//W3C//DTD XHTML 1.0 Transitional//EN"
    "http://www.w3.org/TR/xhtml1/DTD/xhtml1-transitional.dtd">
<html xmlns="http://www.w3.org/1999/xhtml" xml:lang="en" lang="en">
 <head>
  <title>
</title>
<meta http-equiv="Content-Type" content="text/html;charset=utf-8" />
  <meta name='ocr-system' content='tesseract 3.04.00' />
  <meta name='ocr-capabilities' content='ocr_page ocr_carea ocr_par ocr_line ocrx_word'/>
</head>
<body>
  <div class='ocr_page' id='page_1' title='image "./operaphilosophic04hobbuoft_0488.png"; bbox 0 0 2462 4120; ppageno 0'>
   <div class='ocr_carea' id='block_1_1' title="bbox 596 337 1644 400">
    <p class='ocr_par' dir='ltr' id='par_1_1' title="bbox 596 337 1644 400">
     <span class='ocr_line' id='line_1_1' title="bbox 596 337 1644 400; baseline 0.004 -8"><span class='ocrx_word' id='word_1_1' title='bbox 596 337 716 400; x_wconf 85' lang='lat'>476</span> <span class='ocrx_word' id='word_1_2' title='bbox 1269 355 1356 396; x_wconf 85' lang='lat' dir='ltr'>DE</span> <span class='ocrx_word' id='word_1_3' title='bbox 1397 355 1644 396; x_wconf 83' lang='lat' dir='ltr'>MEDns</span> 
     </span>
    </p>
   </div>
   <div class='ocr_carea' id='block_1_2' title="bbox 268 490 2330 3576">
    <p class='ocr_par' dir='ltr' id='par_1_2' title="bbox 268 490 2330 3576">
     <span class='ocr_line' id='line_1_2' title="bbox 268 490 2324 570; baseline 0.004 -30"><span class='ocrx_word' id='word_1_4' title='bbox 268 510 549 550; x_wconf 45' lang='lat' dir='ltr'>,Appanmx</span> <span class='ocrx_word' id='word_1_5' title='bbox 598 509 744 567; x_wconf 83' lang='lat' dir='ltr'>ergo</span> <span class='ocrx_word' id='word_1_6' title='bbox 774 490 1024 562; x_wconf 75' lang='lat' dir='ltr'><em>DC‚Dk‚</em></span> <span class='ocrx_word' id='word_1_7' title='bbox 1053 491 1191 563; x_wconf 90' lang='lat' dir='ltr'>DX,</span> <span class='ocrx_word' id='word_1_8' title='bbox 1221 492 1328 552; x_wconf 87' lang='lat' dir='ltr'>DF</span> <span class='ocrx_word' id='word_1_9' title='bbox 1367 493 1656 551; x_wconf 82' lang='lat' dir='ltr'>continue</span> <span class='ocrx_word' id='word_1_10' title='bbox 1690 490 2216 570; x_wconf 83' lang='lat' dir='ltr'>proportionales:</span> <span class='ocrx_word' id='word_1_11' title='bbox 2261 499 2324 550; x_wconf 91' lang='lat' dir='ltr'>et</span> 
     </span>
     <span class='ocr_line' id='line_1_3' title="bbox 289 567 1423 663; baseline 0.002 -22"><span class='ocrx_word' id='word_1_12' title='bbox 289 567 524 595; x_wconf 30' lang='lat' dir='ltr'>“w—⁴</span> <span class='ocrx_word' id='word_1_13' title='bbox 597 583 712 656; x_wconf 72' lang='lat' dir='ltr'>Dk,</span> <span class='ocrx_word' id='word_1_14' title='bbox 744 584 863 643; x_wconf 91' lang='lat' dir='ltr'>DX</span> <span class='ocrx_word' id='word_1_15' title='bbox 892 585 1108 645; x_wconf 84' lang='lat' dir='ltr'>mediae</span> <span class='ocrx_word' id='word_1_16' title='bbox 1140 587 1423 663; x_wconf 80' lang='lat' dir='ltr'>quaesitae.</span> 
     </span>
     <span class='ocr_line' id='line_1_4' title="bbox 599 677 2324 756; baseline -0.003 -16"><span class='ocrx_word' id='word_1_17' title='bbox 599 734 605 740; x_wconf 87' lang='lat'><strong><em>.</em></strong></span> <span class='ocrx_word' id='word_1_18' title='bbox 681 677 746 736; x_wconf 86' lang='lat' dir='ltr'>Si</span> <span class='ocrx_word' id='word_1_19' title='bbox 799 679 934 756; x_wconf 91' lang='lat' dir='ltr'>quis</span> <span class='ocrx_word' id='word_1_20' title='bbox 983 679 1046 739; x_wconf 91' lang='lat' dir='ltr'>in</span> <span class='ocrx_word' id='word_1_21' title='bbox 1098 681 1213 739; x_wconf 91' lang='lat' dir='ltr'>hac</span> <span class='ocrx_word' id='word_1_22' title='bbox 1273 679 1787 738; x_wconf 85' lang='lat' dir='ltr'>demonstratione</span> <span class='ocrx_word' id='word_1_23' title='bbox 1843 677 2324 756; x_wconf 79' lang='lat' dir='ltr'>propositionem</span> 
     </span>
     <span class='ocr_line' id='line_1_5' title="bbox 595 770 2322 842; baseline 0 -13"><span class='ocrx_word' id='word_1_24' title='bbox 595 770 810 830; x_wconf 82' lang='lat' dir='ltr'>salsam</span> <span class='ocrx_word' id='word_1_25' title='bbox 840 782 947 832; x_wconf 86' lang='lat' dir='ltr'>aut</span> <span class='ocrx_word' id='word_1_26' title='bbox 975 793 1100 832; x_wconf 92' lang='lat' dir='ltr'>non</span> <span class='ocrx_word' id='word_1_27' title='bbox 1145 772 1549 832; x_wconf 86' lang='lat' dir='ltr'>necessariam</span> <span class='ocrx_word' id='word_1_28' title='bbox 1591 772 1929 830; x_wconf 84' lang='lat' dir='ltr'>illationem</span> <span class='ocrx_word' id='word_1_29' title='bbox 1970 770 2322 842; x_wconf 85' lang='lat' dir='ltr'>ostenderit,</span> 
     </span>
     <span class='ocr_line' id='line_1_6' title="bbox 597 865 2327 941; baseline -0.001 -17"><span class='ocrx_word' id='word_1_30' title='bbox 597 865 781 925; x_wconf 93' lang='lat' dir='ltr'>modo</span> <span class='ocrx_word' id='word_1_31' title='bbox 812 868 1089 928; x_wconf 88' lang='lat' dir='ltr'>convitiis</span> <span class='ocrx_word' id='word_1_32' title='bbox 1121 887 1183 926; x_wconf 92' lang='lat' dir='ltr'>se</span> <span class='ocrx_word' id='word_1_33' title='bbox 1214 867 1537 938; x_wconf 87' lang='lat' dir='ltr'>abstineat,</span> <span class='ocrx_word' id='word_1_34' title='bbox 1575 866 1717 941; x_wconf 88' lang='lat' dir='ltr'>(etsi</span> <span class='ocrx_word' id='word_1_35' title='bbox 1756 865 1906 924; x_wconf 93' lang='lat' dir='ltr'>mihi</span> <span class='ocrx_word' id='word_1_36' title='bbox 1943 884 2113 924; x_wconf 91' lang='lat' dir='ltr'>meus</span> <span class='ocrx_word' id='word_1_37' title='bbox 2155 883 2327 923; x_wconf 90' lang='lat' dir='ltr'>error</span> 
     </span>
     <span class='ocr_line' id='line_1_7' title="bbox 597 957 2325 1039; baseline -0.001 -21"><span class='ocrx_word' id='word_1_38' title='bbox 597 960 837 1038; x_wconf 89' lang='lat' dir='ltr'>placere</span> <span class='ocrx_word' id='word_1_39' title='bbox 890 981 1015 1020; x_wconf 95' lang='lat' dir='ltr'>non</span> <span class='ocrx_word' id='word_1_40' title='bbox 1062 961 1314 1039; x_wconf 84' lang='lat' dir='ltr'>potest),</span> <span class='ocrx_word' id='word_1_41' title='bbox 1362 959 1607 1017; x_wconf 89' lang='lat' dir='ltr'>veritati</span> <span class='ocrx_word' id='word_1_42' title='bbox 1652 968 1857 1018; x_wconf 91' lang='lat' dir='ltr'>tamen</span> <span class='ocrx_word' id='word_1_43' title='bbox 1908 957 2158 1018; x_wconf 86' lang='lat' dir='ltr'>studens</span> <span class='ocrx_word' id='word_1_44' title='bbox 2199 977 2325 1016; x_wconf 92' lang='lat' dir='ltr'>non</span> 
     </span>
     <span class='ocr_line' id='line_1_8' title="bbox 597 1053 2325 1132; baseline -0.001 -20"><span class='ocrx_word' id='word_1_45' title='bbox 597 1054 803 1132; x_wconf 90' lang='lat' dir='ltr'>inique</span> <span class='ocrx_word' id='word_1_46' title='bbox 831 1055 1041 1114; x_wconf 87' lang='lat' dir='ltr'>feram.</span> <span class='ocrx_word' id='word_1_47' title='bbox 1132 1054 1251 1114; x_wconf 86' lang='lat' dir='ltr'>Sed</span> <span class='ocrx_word' id='word_1_48' title='bbox 1292 1063 1361 1112; x_wconf 90' lang='lat' dir='ltr'>ut</span> <span class='ocrx_word' id='word_1_49' title='bbox 1408 1073 1479 1111; x_wconf 91' lang='lat' dir='ltr'>eo</span> <span class='ocrx_word' id='word_1_50' title='bbox 1527 1053 1721 1111; x_wconf 87' lang='lat' dir='ltr'>solum</span> <span class='ocrx_word' id='word_1_51' title='bbox 1770 1053 2016 1111; x_wconf 89' lang='lat' dir='ltr'>nomine</span> <span class='ocrx_word' id='word_1_52' title='bbox 2055 1071 2325 1124; x_wconf 89' lang='lat' dir='ltr'>accuser,</span> 
     </span>
     <span class='ocr_line' id='line_1_9' title="bbox 598 1147 2324 1227; baseline -0.001 -21"><span class='ocrx_word' id='word_1_53' title='bbox 598 1149 761 1226; x_wconf 90' lang='lat' dir='ltr'>quod</span> <span class='ocrx_word' id='word_1_54' title='bbox 805 1159 1131 1227; x_wconf 86' lang='lat' dir='ltr'>postquam</span> <span class='ocrx_word' id='word_1_55' title='bbox 1181 1149 1259 1207; x_wconf 86' lang='lat' dir='ltr'>ad</span> <span class='ocrx_word' id='word_1_56' title='bbox 1306 1148 1825 1206; x_wconf 84' lang='lat' dir='ltr'>constructionem</span> <span class='ocrx_word' id='word_1_57' title='bbox 1871 1147 2324 1224; x_wconf 89' lang='lat' dir='ltr'>assumpsissem</span> 
     </span>
     <span class='ocr_line' id='line_1_10' title="bbox 596 1239 2326 1321; baseline -0.001 -21"><span class='ocrx_word' id='word_1_58' title='bbox 596 1242 859 1301; x_wconf 90' lang='lat' dir='ltr'>mediam</span> <span class='ocrx_word' id='word_1_59' title='bbox 890 1242 1405 1321; x_wconf 86' lang='lat' dir='ltr'>proportionalem</span> <span class='ocrx_word' id='word_1_60' title='bbox 1438 1242 1598 1300; x_wconf 90' lang='lat' dir='ltr'>inter</span> <span class='ocrx_word' id='word_1_61' title='bbox 1639 1250 1959 1310; x_wconf 83' lang='lat' dir='ltr'>extremaS,</span> <span class='ocrx_word' id='word_1_62' title='bbox 2000 1239 2326 1299; x_wconf 88' lang='lat' dir='ltr'>medietate</span> 
     </span>
     <span class='ocr_line' id='line_1_11' title="bbox 597 1333 2329 1415; baseline -0.002 -20"><span class='ocrx_word' id='word_1_63' title='bbox 597 1337 701 1395; x_wconf 93' lang='lat' dir='ltr'>illa</span> <span class='ocrx_word' id='word_1_64' title='bbox 730 1357 852 1395; x_wconf 92' lang='lat' dir='ltr'>non</span> <span class='ocrx_word' id='word_1_65' title='bbox 884 1357 1017 1396; x_wconf 88' lang='lat' dir='ltr'>sum</span> <span class='ocrx_word' id='word_1_66' title='bbox 1047 1357 1208 1408; x_wconf 90' lang='lat' dir='ltr'>usus,</span> <span class='ocrx_word' id='word_1_67' title='bbox 1239 1337 1513 1415; x_wconf 89' lang='lat' dir='ltr'>iniquum</span> <span class='ocrx_word' id='word_1_68' title='bbox 1544 1345 1654 1394; x_wconf 92' lang='lat' dir='ltr'>est.</span> <span class='ocrx_word' id='word_1_69' title='bbox 1742 1335 1967 1394; x_wconf 88' lang='lat' dir='ltr'>Dicant</span> <span class='ocrx_word' id='word_1_70' title='bbox 1995 1333 2198 1404; x_wconf 91' lang='lat' dir='ltr'>velim,</span> <span class='ocrx_word' id='word_1_71' title='bbox 2224 1333 2329 1392; x_wconf 91' lang='lat' dir='ltr'>illa</span> 
     </span>
     <span class='ocr_line' id='line_1_12' title="bbox 596 1428 2328 1509; baseline -0.002 -20"><span class='ocrx_word' id='word_1_72' title='bbox 596 1431 807 1509; x_wconf 84' lang='lat' dir='ltr'>regula</span> <span class='ocrx_word' id='word_1_73' title='bbox 837 1452 873 1489; x_wconf 91' lang='lat' dir='ltr'>a</span> <span class='ocrx_word' id='word_1_74' title='bbox 903 1451 1023 1508; x_wconf 90' lang='lat' dir='ltr'>quo</span> <span class='ocrx_word' id='word_1_75' title='bbox 1055 1431 1346 1508; x_wconf 83' lang='lat' dir='ltr'>magistro</span> <span class='ocrx_word' id='word_1_76' title='bbox 1391 1430 1602 1508; x_wconf 77' lang='lat' dir='ltr'>logicae</span> <span class='ocrx_word' id='word_1_77' title='bbox 1639 1428 1916 1507; x_wconf 86' lang='lat' dir='ltr'>profecta</span> <span class='ocrx_word' id='word_1_78' title='bbox 1945 1437 2057 1501; x_wconf 89' lang='lat' dir='ltr'>est,</span> <span class='ocrx_word' id='word_1_79' title='bbox 2090 1438 2158 1486; x_wconf 90' lang='lat' dir='ltr'>ut</span> <span class='ocrx_word' id='word_1_80' title='bbox 2189 1447 2328 1486; x_wconf 92' lang='lat' dir='ltr'>cum</span> 
     </span>
     <span class='ocr_line' id='line_1_13' title="bbox 597 1521 2328 1603; baseline -0.002 -21"><span class='ocrx_word' id='word_1_81' title='bbox 597 1525 890 1603; x_wconf 83' lang='lat' dir='ltr'>magistro</span> <span class='ocrx_word' id='word_1_82' title='bbox 942 1525 1071 1602; x_wconf 93' lang='lat' dir='ltr'>ipso</span> <span class='ocrx_word' id='word_1_83' title='bbox 1118 1524 1533 1583; x_wconf 87' lang='lat' dir='ltr'>controversia</span> <span class='ocrx_word' id='word_1_84' title='bbox 1582 1522 1729 1581; x_wconf 90' lang='lat' dir='ltr'>mihi</span> <span class='ocrx_word' id='word_1_85' title='bbox 1773 1523 1870 1581; x_wconf 92' lang='lat' dir='ltr'>sit.</span> <span class='ocrx_word' id='word_1_86' title='bbox 1960 1521 2068 1581; x_wconf 85' lang='lat' dir='ltr'>Sin</span> <span class='ocrx_word' id='word_1_87' title='bbox 2105 1521 2328 1580; x_wconf 89' lang='lat' dir='ltr'>nullius</span> 
     </span>
     <span class='ocr_line' id='line_1_14' title="bbox 598 1615 2326 1697; baseline -0.003 -19"><span class='ocrx_word' id='word_1_88' title='bbox 598 1619 893 1697; x_wconf 83' lang='lat' dir='ltr'>magistri,</span> <span class='ocrx_word' id='word_1_89' title='bbox 927 1619 1032 1678; x_wconf 92' lang='lat' dir='ltr'>sed</span> <span class='ocrx_word' id='word_1_90' title='bbox 1073 1639 1193 1678; x_wconf 85' lang='lat' dir='ltr'>suae</span> <span class='ocrx_word' id='word_1_91' title='bbox 1223 1619 1490 1697; x_wconf 89' lang='lat' dir='ltr'>ipsorum</span> <span class='ocrx_word' id='word_1_92' title='bbox 1522 1617 1860 1696; x_wconf 81' lang='lat' dir='ltr'>prudentiae</span> <span class='ocrx_word' id='word_1_93' title='bbox 1891 1615 2196 1674; x_wconf 91' lang='lat' dir='ltr'>dictamen</span> <span class='ocrx_word' id='word_1_94' title='bbox 2227 1615 2326 1687; x_wconf 89' lang='lat' dir='ltr'>sit,</span> 
     </span>
     <span class='ocr_line' id='line_1_15' title="bbox 597 1710 2329 1773; baseline -0.003 -1"><span class='ocrx_word' id='word_1_95' title='bbox 597 1714 919 1773; x_wconf 85' lang='lat' dir='ltr'>ostendant</span> <span class='ocrx_word' id='word_1_96' title='bbox 968 1734 1098 1772; x_wconf 89' lang='lat' dir='ltr'>esse</span> <span class='ocrx_word' id='word_1_97' title='bbox 1145 1713 1479 1772; x_wconf 88' lang='lat' dir='ltr'>infallibile.</span> <span class='ocrx_word' id='word_1_98' title='bbox 1570 1711 1752 1772; x_wconf 73' lang='lat' dir='ltr'>Quod</span> <span class='ocrx_word' id='word_1_99' title='bbox 1799 1711 2006 1769; x_wconf 89' lang='lat' dir='ltr'>dicant</span> <span class='ocrx_word' id='word_1_100' title='bbox 2055 1710 2184 1768; x_wconf 90' lang='lat' dir='ltr'>sine</span> <span class='ocrx_word' id='word_1_101' title='bbox 2225 1729 2329 1768; x_wconf 84' lang='lat' dir='ltr'>ex-</span> 
     </span>
     <span class='ocr_line' id='line_1_16' title="bbox 596 1804 2327 1886; baseline -0.003 -19"><span class='ocrx_word' id='word_1_102' title='bbox 596 1809 795 1886; x_wconf 89' lang='lat' dir='ltr'>emplo</span> <span class='ocrx_word' id='word_1_103' title='bbox 847 1828 998 1881; x_wconf 89' lang='lat' dir='ltr'>esse,</span> <span class='ocrx_word' id='word_1_104' title='bbox 1043 1808 1194 1867; x_wconf 90' lang='lat' dir='ltr'>nihil</span> <span class='ocrx_word' id='word_1_105' title='bbox 1244 1828 1487 1867; x_wconf 88' lang='lat' dir='ltr'>moror:</span> <span class='ocrx_word' id='word_1_106' title='bbox 1542 1826 1805 1884; x_wconf 80' lang='lat' dir='ltr'>quaeram</span> <span class='ocrx_word' id='word_1_107' title='bbox 1853 1805 2014 1864; x_wconf 91' lang='lat' dir='ltr'>enim</span> <span class='ocrx_word' id='word_1_108' title='bbox 2043 1804 2327 1877; x_wconf 90' lang='lat' dir='ltr'>vicissim,</span> 
     </span>
     <span class='ocr_line' id='line_1_17' title="bbox 597 1898 2329 1980; baseline -0.003 -19"><span class='ocrx_word' id='word_1_109' title='bbox 597 1903 731 1980; x_wconf 90' lang='lat' dir='ltr'>quis</span> <span class='ocrx_word' id='word_1_110' title='bbox 761 1902 876 1962; x_wconf 86' lang='lat' dir='ltr'>fuit</span> <span class='ocrx_word' id='word_1_111' title='bbox 905 1902 1006 1961; x_wconf 92' lang='lat' dir='ltr'>ille</span> <span class='ocrx_word' id='word_1_112' title='bbox 1038 1903 1141 1980; x_wconf 90' lang='lat' dir='ltr'>qui</span> <span class='ocrx_word' id='word_1_113' title='bbox 1183 1903 1301 1961; x_wconf 89' lang='lat' dir='ltr'>alia</span> <span class='ocrx_word' id='word_1_114' title='bbox 1344 1901 1633 1961; x_wconf 89' lang='lat' dir='ltr'>methodo</span> <span class='ocrx_word' id='word_1_115' title='bbox 1686 1899 2157 1979; x_wconf 87' lang='lat' dir='ltr'>duplicationem</span> <span class='ocrx_word' id='word_1_116' title='bbox 2189 1898 2329 1957; x_wconf 89' lang='lat' dir='ltr'>cubi</span> 
     </span>
     <span class='ocr_line' id='line_1_18' title="bbox 596 1993 2327 2056; baseline -0.002 -1"><span class='ocrx_word' id='word_1_117' title='bbox 596 1997 1055 2056; x_wconf 88' lang='lat' dir='ltr'>demonstravit.</span> <span class='ocrx_word' id='word_1_118' title='bbox 1169 1996 1452 2055; x_wconf 89' lang='lat' dir='ltr'>Euclides</span> <span class='ocrx_word' id='word_1_119' title='bbox 1510 1995 1730 2053; x_wconf 88' lang='lat' dir='ltr'>multas</span> <span class='ocrx_word' id='word_1_120' title='bbox 1790 1994 1975 2052; x_wconf 88' lang='lat' dir='ltr'>habet</span> <span class='ocrx_word' id='word_1_121' title='bbox 2033 1993 2098 2051; x_wconf 94' lang='lat' dir='ltr'>in</span> <span class='ocrx_word' id='word_1_122' title='bbox 2152 1993 2327 2052; x_wconf 89' lang='lat' dir='ltr'>initio</span> 
     </span>
     <span class='ocr_line' id='line_1_19' title="bbox 591 2090 2329 2168; baseline -0.001 -20"><span class='ocrx_word' id='word_1_123' title='bbox 591 2090 1050 2150; x_wconf 89' lang='lat' dir='ltr'>Elementorum</span> <span class='ocrx_word' id='word_1_124' title='bbox 1100 2090 1505 2162; x_wconf 82' lang='lat' dir='ltr'>definitioneS,</span> <span class='ocrx_word' id='word_1_125' title='bbox 1537 2090 1754 2168; x_wconf 91' lang='lat' dir='ltr'>quibus</span> <span class='ocrx_word' id='word_1_126' title='bbox 1795 2099 2000 2148; x_wconf 89' lang='lat' dir='ltr'>tamen</span> <span class='ocrx_word' id='word_1_127' title='bbox 2029 2107 2329 2166; x_wconf 89' lang='lat' dir='ltr'>nusquam</span> 
     </span>
     <span class='ocr_line' id='line_1_20' title="bbox 591 2181 2328 2243; baseline -0.001 -1"><span class='ocrx_word' id='word_1_128' title='bbox 591 2185 806 2243; x_wconf 89' lang='lat' dir='ltr'>utitur.</span> <span class='ocrx_word' id='word_1_129' title='bbox 881 2185 978 2243; x_wconf 91' lang='lat' dir='ltr'>An</span> <span class='ocrx_word' id='word_1_130' title='bbox 1012 2184 1399 2243; x_wconf 90' lang='lat' dir='ltr'>definitiones</span> <span class='ocrx_word' id='word_1_131' title='bbox 1430 2184 1508 2243; x_wconf 86' lang='lat' dir='ltr'>ad</span> <span class='ocrx_word' id='word_1_132' title='bbox 1547 2182 2099 2242; x_wconf 89' lang='lat' dir='ltr'>demonstrationes</span> <span class='ocrx_word' id='word_1_133' title='bbox 2128 2181 2328 2240; x_wconf 90' lang='lat' dir='ltr'>minus</span> 
     </span>
     <span class='ocr_line' id='line_1_21' title="bbox 591 2275 2327 2357; baseline -0.001 -20"><span class='ocrx_word' id='word_1_134' title='bbox 591 2279 945 2338; x_wconf 69' lang='lat' dir='ltr'>necessariae</span> <span class='ocrx_word' id='word_1_135' title='bbox 976 2287 1136 2350; x_wconf 90' lang='lat' dir='ltr'>sunt,</span> <span class='ocrx_word' id='word_1_136' title='bbox 1163 2299 1344 2357; x_wconf 91' lang='lat' dir='ltr'>quam</span> <span class='ocrx_word' id='word_1_137' title='bbox 1375 2286 1701 2355; x_wconf 88' lang='lat' dir='ltr'>assumpta.</span> <span class='ocrx_word' id='word_1_138' title='bbox 1776 2275 2086 2355; x_wconf 89' lang='lat' dir='ltr'>Analytici</span> <span class='ocrx_word' id='word_1_139' title='bbox 2117 2295 2327 2335; x_wconf 90' lang='lat' dir='ltr'>omnes</span> 
     </span>
     <span class='ocr_line' id='line_1_22' title="bbox 592 2369 2329 2450; baseline -0.002 -20"><span class='ocrx_word' id='word_1_140' title='bbox 592 2381 911 2430; x_wconf 89' lang='lat' dir='ltr'>assumunt</span> <span class='ocrx_word' id='word_1_141' title='bbox 961 2371 1191 2450; x_wconf 88' lang='lat' dir='ltr'>aliquid</span> <span class='ocrx_word' id='word_1_142' title='bbox 1230 2372 1546 2448; x_wconf 82' lang='lat' dir='ltr'>ignotum3</span> <span class='ocrx_word' id='word_1_143' title='bbox 1594 2370 1705 2428; x_wconf 91' lang='lat' dir='ltr'>etsi</span> <span class='ocrx_word' id='word_1_144' title='bbox 1750 2369 1826 2428; x_wconf 91' lang='lat' dir='ltr'>ab</span> <span class='ocrx_word' id='word_1_145' title='bbox 1866 2370 2080 2446; x_wconf 84' lang='lat' dir='ltr'>ignoto</span> <span class='ocrx_word' id='word_1_146' title='bbox 2125 2388 2236 2446; x_wconf 88' lang='lat' dir='ltr'>per</span> <span class='ocrx_word' id='word_1_147' title='bbox 2265 2389 2329 2428; x_wconf 92' lang='lat' dir='ltr'>se</span> 
     </span>
     <span class='ocr_line' id='line_1_23' title="bbox 592 2463 2330 2542; baseline -0.001 -20"><span class='ocrx_word' id='word_1_148' title='bbox 592 2472 808 2523; x_wconf 91' lang='lat' dir='ltr'>notum</span> <span class='ocrx_word' id='word_1_149' title='bbox 837 2464 970 2522; x_wconf 91' lang='lat' dir='ltr'>fieri</span> <span class='ocrx_word' id='word_1_150' title='bbox 999 2465 1150 2523; x_wconf 89' lang='lat' dir='ltr'>nihil</span> <span class='ocrx_word' id='word_1_151' title='bbox 1193 2473 1394 2542; x_wconf 87' lang='lat' dir='ltr'>potest</span> <span class='ocrx_word' id='word_1_152' title='bbox 1422 2487 1435 2522; x_wconf 80' lang='lat' dir='ltr'>z</span> <span class='ocrx_word' id='word_1_153' title='bbox 1483 2463 1590 2522; x_wconf 91' lang='lat' dir='ltr'>sed</span> <span class='ocrx_word' id='word_1_154' title='bbox 1621 2482 1734 2541; x_wconf 93' lang='lat' dir='ltr'>ope</span> <span class='ocrx_word' id='word_1_155' title='bbox 1766 2463 2026 2522; x_wconf 90' lang='lat' dir='ltr'>aliorum</span> <span class='ocrx_word' id='word_1_156' title='bbox 2057 2481 2330 2540; x_wconf 79' lang='lat' dir='ltr'>praecog-</span> 
     </span>
     <span class='ocr_line' id='line_1_24' title="bbox 592 2557 2330 2637; baseline -0.001 -20"><span class='ocrx_word' id='word_1_157' title='bbox 592 2558 859 2618; x_wconf 91' lang='lat' dir='ltr'>nitorum</span> <span class='ocrx_word' id='word_1_158' title='bbox 909 2559 1288 2637; x_wconf 90' lang='lat' dir='ltr'>problemata</span> <span class='ocrx_word' id='word_1_159' title='bbox 1330 2558 1524 2617; x_wconf 87' lang='lat' dir='ltr'>multa</span> <span class='ocrx_word' id='word_1_160' title='bbox 1567 2567 1674 2616; x_wconf 90' lang='lat' dir='ltr'>aut</span> <span class='ocrx_word' id='word_1_161' title='bbox 1722 2557 1983 2630; x_wconf 85' lang='lat' dir='ltr'>solvunt,</span> <span class='ocrx_word' id='word_1_162' title='bbox 2030 2564 2137 2615; x_wconf 84' lang='lat' dir='ltr'>aut</span> <span class='ocrx_word' id='word_1_163' title='bbox 2178 2557 2330 2616; x_wconf 90' lang='lat' dir='ltr'>solvi</span> 
     </span>
     <span class='ocr_line' id='line_1_25' title="bbox 592 2651 2329 2731; baseline 0 -20"><span class='ocrx_word' id='word_1_164' title='bbox 592 2673 718 2712; x_wconf 93' lang='lat' dir='ltr'>non</span> <span class='ocrx_word' id='word_1_165' title='bbox 748 2672 926 2731; x_wconf 90' lang='lat' dir='ltr'>posse</span> <span class='ocrx_word' id='word_1_166' title='bbox 958 2653 1399 2712; x_wconf 89' lang='lat' dir='ltr'>demonstrant.</span> <span class='ocrx_word' id='word_1_167' title='bbox 1472 2652 1571 2711; x_wconf 91' lang='lat' dir='ltr'>An</span> <span class='ocrx_word' id='word_1_168' title='bbox 1593 2671 1805 2710; x_wconf 89' lang='lat' dir='ltr'>verum</span> <span class='ocrx_word' id='word_1_169' title='bbox 1829 2651 2098 2730; x_wconf 89' lang='lat' dir='ltr'>positum</span> <span class='ocrx_word' id='word_1_170' title='bbox 2127 2652 2329 2711; x_wconf 90' lang='lat' dir='ltr'>minus</span> 
     </span>
     <span class='ocr_line' id='line_1_26' title="bbox 593 2745 2330 2826; baseline -0.001 -20"><span class='ocrx_word' id='word_1_171' title='bbox 593 2747 837 2820; x_wconf 85' lang='lat' dir='ltr'>valebit,</span> <span class='ocrx_word' id='word_1_172' title='bbox 869 2768 1051 2826; x_wconf 86' lang='lat' dir='ltr'>quam</span> <span class='ocrx_word' id='word_1_173' title='bbox 1080 2768 1191 2826; x_wconf 93' lang='lat' dir='ltr'>pro</span> <span class='ocrx_word' id='word_1_174' title='bbox 1221 2768 1366 2807; x_wconf 89' lang='lat' dir='ltr'>vero</span> <span class='ocrx_word' id='word_1_175' title='bbox 1416 2746 1794 2825; x_wconf 90' lang='lat' dir='ltr'>suppositum</span> <span class='ocrx_word' id='word_1_176' title='bbox 1832 2746 2081 2804; x_wconf 91' lang='lat' dir='ltr'>dubium</span> <span class='ocrx_word' id='word_1_177' title='bbox 2113 2745 2133 2804; x_wconf 85' lang='lat'>?</span> <span class='ocrx_word' id='word_1_178' title='bbox 2217 2747 2330 2806; x_wconf 88' lang='lat' dir='ltr'>Er-</span> 
     </span>
     <span class='ocr_line' id='line_1_27' title="bbox 594 2840 2329 2919; baseline -0.001 -19"><span class='ocrx_word' id='word_1_179' title='bbox 594 2850 734 2912; x_wconf 82' lang='lat' dir='ltr'>rant</span> <span class='ocrx_word' id='word_1_180' title='bbox 763 2842 865 2919; x_wconf 92' lang='lat' dir='ltr'>qui</span> <span class='ocrx_word' id='word_1_181' title='bbox 897 2842 982 2901; x_wconf 89' lang='lat' dir='ltr'>sic</span> <span class='ocrx_word' id='word_1_182' title='bbox 1028 2842 1315 2901; x_wconf 86' lang='lat' dir='ltr'>sentiunt.</span> <span class='ocrx_word' id='word_1_183' title='bbox 1400 2842 1626 2899; x_wconf 90' lang='lat' dir='ltr'>Verum</span> <span class='ocrx_word' id='word_1_184' title='bbox 1668 2841 1829 2899; x_wconf 91' lang='lat' dir='ltr'>enim</span> <span class='ocrx_word' id='word_1_185' title='bbox 1868 2849 1996 2899; x_wconf 87' lang='lat' dir='ltr'>tam</span> <span class='ocrx_word' id='word_1_186' title='bbox 2026 2840 2116 2899; x_wconf 90' lang='lat' dir='ltr'>sui</span> <span class='ocrx_word' id='word_1_187' title='bbox 2148 2860 2329 2919; x_wconf 90' lang='lat' dir='ltr'>quam</span> 
     </span>
     <span class='ocr_line' id='line_1_28' title="bbox 594 2934 2327 3013; baseline -0.001 -19"><span class='ocrx_word' id='word_1_188' title='bbox 594 2935 730 2995; x_wconf 85' lang='lat' dir='ltr'>falsi</span> <span class='ocrx_word' id='word_1_189' title='bbox 758 2935 949 2994; x_wconf 87' lang='lat' dir='ltr'>index·</span> <span class='ocrx_word' id='word_1_190' title='bbox 972 2945 1082 3004; x_wconf 90' lang='lat' dir='ltr'>est,</span> <span class='ocrx_word' id='word_1_191' title='bbox 1113 2945 1184 2994; x_wconf 92' lang='lat' dir='ltr'>ut</span> <span class='ocrx_word' id='word_1_192' title='bbox 1213 2956 1250 2994; x_wconf 89' lang='lat' dir='ltr'>a</span> <span class='ocrx_word' id='word_1_193' title='bbox 1279 2955 1397 3013; x_wconf 89' lang='lat' dir='ltr'>quo</span> <span class='ocrx_word' id='word_1_194' title='bbox 1428 2935 1580 2993; x_wconf 90' lang='lat' dir='ltr'>nihil</span> <span class='ocrx_word' id='word_1_195' title='bbox 1609 2935 1725 2993; x_wconf 92' lang='lat' dir='ltr'>nisi</span> <span class='ocrx_word' id='word_1_196' title='bbox 1754 2955 1964 2994; x_wconf 87' lang='lat' dir='ltr'>verum</span> <span class='ocrx_word' id='word_1_197' title='bbox 1997 2934 2327 2993; x_wconf 84' lang='lat' dir='ltr'>derivatur.</span> 
     </span>
     <span class='ocr_line' id='line_1_29' title="bbox 605 3027 2330 3106; baseline -0.001 -18"><span class='ocrx_word' id='word_1_198' title='bbox 605 3094 609 3097; x_wconf 10' lang='lat'>⁸</span> <span class='ocrx_word' id='word_1_199' title='bbox 681 3029 802 3088; x_wconf 87' lang='lat' dir='ltr'>Sed</span> <span class='ocrx_word' id='word_1_200' title='bbox 848 3049 924 3087; x_wconf 92' lang='lat' dir='ltr'>ne</span> <span class='ocrx_word' id='word_1_201' title='bbox 972 3029 1118 3105; x_wconf 90' lang='lat' dir='ltr'>quid</span> <span class='ocrx_word' id='word_1_202' title='bbox 1162 3029 1511 3088; x_wconf 90' lang='lat' dir='ltr'>omittamus</span> <span class='ocrx_word' id='word_1_203' title='bbox 1543 3027 1707 3106; x_wconf 94' lang='lat' dir='ltr'>quod</span> <span class='ocrx_word' id='word_1_204' title='bbox 1745 3027 2110 3106; x_wconf 88' lang='lat' dir='ltr'>problemati</span> <span class='ocrx_word' id='word_1_205' title='bbox 2138 3027 2330 3087; x_wconf 93' lang='lat' dir='ltr'>nobili</span> 
     </span>
     <span class='ocr_line' id='line_1_30' title="bbox 594 3121 2330 3204; baseline -0.002 -21"><span class='ocrx_word' id='word_1_206' title='bbox 594 3123 1106 3204; x_wconf 90' lang='lat' dir='ltr'>perspecuitatem</span> <span class='ocrx_word' id='word_1_207' title='bbox 1153 3123 1477 3182; x_wconf 89' lang='lat' dir='ltr'>allaturum</span> <span class='ocrx_word' id='word_1_208' title='bbox 1524 3123 1820 3192; x_wconf 87' lang='lat' dir='ltr'>videatur,</span> <span class='ocrx_word' id='word_1_209' title='bbox 1862 3121 2119 3181; x_wconf 91' lang='lat' dir='ltr'>eandem</span> <span class='ocrx_word' id='word_1_210' title='bbox 2163 3141 2330 3181; x_wconf 90' lang='lat' dir='ltr'>nunc</span> 
     </span>
     <span class='ocr_line' id='line_1_31' title="bbox 597 3214 2327 3296; baseline -0.002 -19"><span class='ocrx_word' id='word_1_211' title='bbox 597 3217 1050 3278; x_wconf 89' lang='lat' dir='ltr'>conclusionem</span> <span class='ocrx_word' id='word_1_212' title='bbox 1101 3218 1177 3276; x_wconf 87' lang='lat' dir='ltr'>ab</span> <span class='ocrx_word' id='word_1_213' title='bbox 1226 3238 1297 3277; x_wconf 93' lang='lat' dir='ltr'>eo</span> <span class='ocrx_word' id='word_1_214' title='bbox 1350 3219 1482 3296; x_wconf 90' lang='lat' dir='ltr'>ipso</span> <span class='ocrx_word' id='word_1_215' title='bbox 1537 3216 2106 3288; x_wconf 89' lang='lat' dir='ltr'>demonstrabimus,</span> <span class='ocrx_word' id='word_1_216' title='bbox 2166 3214 2327 3294; x_wconf 89' lang='lat' dir='ltr'>quod</span> 
     </span>
     <span class='ocr_line' id='line_1_32' title="bbox 596 3309 2328 3390; baseline -0.003 -17"><span class='ocrx_word' id='word_1_217' title='bbox 596 3324 768 3373; x_wconf 90' lang='lat' dir='ltr'>recta</span> <span class='ocrx_word' id='word_1_218' title='bbox 807 3311 918 3371; x_wconf 92' lang='lat' dir='ltr'>AO</span> <span class='ocrx_word' id='word_1_219' title='bbox 969 3312 1214 3390; x_wconf 76' lang='lat' dir='ltr'>aequalis</span> <span class='ocrx_word' id='word_1_220' title='bbox 1265 3321 1507 3390; x_wconf 88' lang='lat' dir='ltr'>sumpta</span> <span class='ocrx_word' id='word_1_221' title='bbox 1563 3311 1642 3370; x_wconf 89' lang='lat' dir='ltr'>sit</span> <span class='ocrx_word' id='word_1_222' title='bbox 1688 3320 1871 3370; x_wconf 87' lang='lat' dir='ltr'>rectae</span> <span class='ocrx_word' id='word_1_223' title='bbox 1917 3310 2046 3382; x_wconf 93' lang='lat' dir='ltr'>DE,</span> <span class='ocrx_word' id='word_1_224' title='bbox 2099 3309 2162 3368; x_wconf 89' lang='lat' dir='ltr'>id</span> <span class='ocrx_word' id='word_1_225' title='bbox 2215 3318 2328 3381; x_wconf 88' lang='lat' dir='ltr'>est,</span> 
     </span>
     <span class='ocr_line' id='line_1_33' title="bbox 596 3403 2212 3486; baseline -0.004 -19"><span class='ocrx_word' id='word_1_226' title='bbox 596 3407 814 3468; x_wconf 89' lang='lat' dir='ltr'>mediae</span> <span class='ocrx_word' id='word_1_227' title='bbox 844 3406 1287 3486; x_wconf 88' lang='lat' dir='ltr'>proportionali</span> <span class='ocrx_word' id='word_1_228' title='bbox 1317 3407 1478 3465; x_wconf 92' lang='lat' dir='ltr'>inter</span> <span class='ocrx_word' id='word_1_229' title='bbox 1509 3415 1810 3464; x_wconf 87' lang='lat' dir='ltr'>extremas</span> <span class='ocrx_word' id='word_1_230' title='bbox 1841 3404 1953 3465; x_wconf 94' lang='lat' dir='ltr'>AD</span> <span class='ocrx_word' id='word_1_231' title='bbox 1985 3412 2048 3462; x_wconf 89' lang='lat' dir='ltr'>et</span> <span class='ocrx_word' id='word_1_232' title='bbox 2077 3403 2212 3462; x_wconf 91' lang='lat' dir='ltr'>DV.</span> 
     </span>
     <span class='ocr_line' id='line_1_34' title="bbox 683 3496 2328 3576; baseline -0.004 -14"><span class='ocrx_word' id='word_1_233' title='bbox 683 3502 970 3565; x_wconf 86' lang='lat' dir='ltr'>Sumatur</span> <span class='ocrx_word' id='word_1_234' title='bbox 1014 3500 1078 3560; x_wconf 90' lang='lat' dir='ltr'>in</span> <span class='ocrx_word' id='word_1_235' title='bbox 1127 3499 1315 3560; x_wconf 86' lang='lat' dir='ltr'>latere</span> <span class='ocrx_word' id='word_1_236' title='bbox 1349 3499 1456 3560; x_wconf 88' lang='lat' dir='ltr'>DC</span> <span class='ocrx_word' id='word_1_237' title='bbox 1487 3507 1656 3560; x_wconf 91' lang='lat' dir='ltr'>recta</span> <span class='ocrx_word' id='word_1_238' title='bbox 1685 3498 1792 3558; x_wconf 89' lang='lat' dir='ltr'>DF</span> <span class='ocrx_word' id='word_1_239' title='bbox 1823 3497 2073 3576; x_wconf 88' lang='lat' dir='ltr'>aequalis</span> <span class='ocrx_word' id='word_1_240' title='bbox 2103 3496 2234 3570; x_wconf 86' lang='lat' dir='ltr'>DV,</span> <span class='ocrx_word' id='word_1_241' title='bbox 2265 3505 2328 3555; x_wconf 92' lang='lat' dir='ltr'>et</span> 
     </span>
    </p>
   </div>
  </div>
 </body>
</html>
