2462 4120
465 335 585 388 222
827 347 1273 392 EXAMINATIO
1309 352 1391 392 ET
1424 352 1832 394 EMENDATIO

151 500 400 536 mALoGus
462 485 625 563 quod
655 487 848 546 omnis
879 489 1128 548 effectus
1171 490 1463 548 naturalis
1493 489 1571 548 ad
1615 511 1855 549 omnem
1899 493 2183 551 effectum

154 624 171 640 .
244 570 310 602 w.
382 630 390 640 ,
461 581 803 639 naturalem
832 584 1131 643 rationem
1160 585 1345 642 habet
1387 585 1785 662 compositam
1816 606 1889 644 ex
1932 587 2183 645 rationi-

459 673 572 732 bus
618 694 823 734 earum
867 697 1071 736 rerum
1123 698 1257 755 quae
1300 697 1509 736 causas
1557 698 1767 738 eorum
1810 690 2184 758 componunt

457 766 748 847 integras
834 771 1004 830 Nihil
1034 772 1195 830 enim
1225 771 1288 829 in
1318 772 1539 830 effectu
1579 792 1707 831 esse
1749 783 1970 852 potest,
2018 773 2183 852 quod

457 879 581 920 non
610 862 728 922 fuit
757 864 820 923 in
851 865 1053 943 aliqua
1081 874 1254 943 parte
1286 885 1483 925 causae
1514 886 1673 936 suae3
1719 887 1832 927 nec
1874 872 1938 927 in
1981 889 2179 942 causa,

458 957 622 1034 quod
651 978 776 1017 non
805 959 868 1018 in
900 961 1182 1018 effectum
1213 959 1540 1018 derivetur.

542 1051 622 1110 B.
669 1052 826 1111 Mihi
870 1073 1027 1112 nova
1077 1052 1320 1130 quidem
1367 1053 1500 1112 haec
1544 1054 1842 1132 contingit
1884 1054 2181 1128 doctrina,

455 1154 728 1205 attamen
757 1147 1069 1206 verissima
1097 1155 1187 1205 est
1214 1173 1228 1214 3
1274 1156 1336 1205 et
1373 1147 1707 1225 procedens
1746 1168 1782 1205 a
1811 1149 2182 1226 contempla-

455 1240 624 1299 tione
655 1261 791 1319 quae
830 1242 894 1299 in
934 1242 1006 1300 iis
1044 1241 1149 1319 qui
1183 1240 1395 1318 jurant
1424 1241 1487 1299 in
1517 1241 1703 1299 verba
1731 1241 2180 1318 magistrorum,

453 1353 592 1393 raro
622 1334 947 1393 invenitur.
1033 1333 1360 1393 Videamus
1383 1336 1511 1412 jam
1541 1335 1934 1393 consectaria.

543 1427 818 1488 Consect.
850 1429 889 1488 i.
936 1429 1157 1501 ConuS,
1181 1429 1284 1506 qui
1313 1430 1384 1487 fit
1411 1449 1448 1487 a
1478 1429 1870 1487 conversione
1894 1429 2184 1506 trianguli

453 1519 503 1579 F
515 1520 634 1580 DB
667 1523 828 1582 circa
857 1522 976 1582 DB
1002 1523 1366 1581 diametrum
1396 1522 1607 1581 circuli
1634 1522 1952 1600 genitoriS,
1984 1533 2075 1581 est
2104 1523 2183 1582 ad

452 1636 675 1675 conum
699 1617 804 1695 qui
831 1618 903 1676 fit
931 1637 966 1676 a
992 1617 1388 1676 conversione
1413 1616 1685 1695 ejusdem
1714 1617 2003 1695 trianguli
2022 1617 2184 1675 circa

453 1708 591 1781 DF,
620 1718 691 1768 ut
721 1709 838 1769 DF
869 1711 946 1770 ad
984 1710 1123 1770 DB.
1213 1711 1370 1770 Sunt
1421 1711 1581 1769 enim
1633 1720 1702 1770 ut
1745 1710 1859 1789 ipsi
1902 1711 2180 1789 cylindri.

452 1803 703 1863 Habent
731 1815 937 1864 autem
966 1805 1242 1877 verticeS,
1273 1805 1372 1864 ille
1401 1805 1465 1863 in
1495 1803 1566 1878 B,
1597 1805 1698 1864 hic
1728 1805 1791 1864 in
1823 1803 1891 1864 F.

538 1896 813 1957 Conseet.
845 1899 906 1958 ii.
969 1899 1243 1959 Solidum
1266 1899 1496 1957 factum
1527 1919 1563 1957 a
1593 1899 1988 1957 conversione
2017 1899 2182 1976 plani

448 1991 798 2069 cycloidalis
818 1991 938 2051 DB
940 1993 1008 2074 f
1016 1992 1065 2051 F
1086 1993 1248 2052 circa
1276 1991 1415 2066 DB,
1437 2001 1530 2051 θεῖ
1559 1992 1637 2051 ad
1667 1992 1924 2051 solidum
1951 1993 2182 2052 factum

449 2104 486 2143 a
515 2087 909 2146 conversione
940 2087 1212 2165 ejusdem
1258 2086 1423 2164 plani
1475 2086 1823 2163 cycloidalis
1853 2086 2014 2146 circa
2042 2086 2179 2161 DF,

448 2188 519 2237 ut
549 2177 666 2237 DF
697 2179 777 2238 ad
807 2179 946 2239 DB.
1039 2181 1195 2239 Sunt
1225 2179 1387 2239 enim
1415 2188 1483 2238 ut
1512 2179 1626 2257 ipsi
1656 2179 1814 2238 coni.

537 2271 814 2331 Conseet.
835 2273 918 2332 iii.
963 2274 1258 2332 Excessus
1279 2273 1536 2351 cylindri
1560 2272 1707 2331 facti
1730 2293 1766 2331 a
1788 2274 2180 2333 conversione

447 2366 787 2443 rectanguli
818 2366 946 2425 DG
978 2366 1141 2426 circa
1181 2365 1321 2437 DB,
1355 2386 1535 2444 super
1587 2366 1846 2425 solidum
1883 2366 2115 2427 factum
2144 2389 2181 2428 a

447 2459 844 2519 conversione
873 2460 1040 2538 plani
1070 2460 1420 2539 cycloidalis
1451 2459 1571 2519 DB
1572 2461 1639 2538 f
1648 2459 1697 2518 F
1729 2460 1891 2519 circa
1925 2461 2181 2520 eandem

448 2551 590 2626 DB,
624 2562 715 2613 est
759 2554 836 2612 ad
880 2573 1193 2614 excessum
1237 2554 1496 2633 cylindri
1545 2554 1694 2613 facti
1724 2575 1760 2613 a
1790 2556 2179 2614 conversione

446 2648 788 2725 rectanguli
818 2646 941 2709 DG
971 2650 1133 2708 circa
1164 2647 1301 2721 DF,
1354 2667 1532 2727 super
1584 2647 1844 2707 solidum
1885 2647 2114 2708 factum
2143 2671 2180 2709 a

448 2742 843 2800 conversione
873 2742 1040 2820 plani
1070 2742 1420 2822 cycloidalis
1452 2740 1570 2800 DB
1567 2741 1634 2820 f
1642 2740 1691 2799 F
1733 2741 1894 2800 circa
1924 2741 2180 2801 eandem

449 2834 584 2908 DF,
609 2845 678 2894 ut
698 2835 815 2894 DF
840 2836 918 2895 ad
948 2835 1086 2896 DB.
1159 2837 1316 2896 Sunt
1339 2836 1500 2895 enim
1529 2836 1594 2894 hi
1623 2855 1861 2914 quoque
1890 2846 1961 2895 ut
1991 2837 2179 2915 cylin-

450 2929 544 2988 dri
572 2930 706 3010 ipsi.

963 3063 1401 3137 'PRoposrrlo
1452 3095 1635 3136 xxn.

531 3199 824 3258 Centrum
869 3201 1188 3278 gravitatis
1237 3200 1620 3272 semicirculi,
1669 3202 1841 3278 cujus
1886 3201 2178 3262 diameter

445 3302 540 3353 est
569 3294 702 3366 DF,
734 3293 797 3352 id
837 3303 945 3365 θεῖ,
996 3302 1166 3353 recta
1212 3295 1462 3372 aequalis
1514 3295 1684 3354 arcui
1738 3296 1939 3369 BCD,
1992 3296 2177 3356 estin

444 3396 614 3447 recta
642 3407 797 3466 quae,
828 3387 1014 3446 ducta
1035 3408 1072 3446 a
1095 3397 1327 3460 centr0,
1352 3388 1569 3447 dividit
1598 3390 1799 3467 ipsum
1830 3390 2176 3449 semicircu-

443 3482 571 3541 lum
610 3482 909 3555 bifariam,
947 3490 1010 3541 et
1039 3481 1223 3541 distat
1265 3503 1301 3541 a
1332 3491 1541 3542 centro
1573 3483 1627 3541 D
1659 3492 1902 3542 tantum
1949 3493 2175 3562 quanta

443 3584 535 3635 θεῖ
556 3583 725 3636 recta
755 3575 1004 3655 aequalis
1025 3575 1257 3636 duabus
1289 3577 1485 3637 tertiis
1511 3577 1817 3636 semiradii
1846 3575 1984 3638 AB.
