2462 4120
500 366 621 418 422
738 379 826 419 DE
861 379 1244 423 PRINCIPIIS
1279 382 1362 423 ET
1396 381 1996 427 EATIoclNATIONE

1169 644 1339 702 CAP.
1394 645 1571 704 XIII.

935 796 1022 837 DE
1057 795 1431 839 RATIONUM
1466 798 1798 841 cALoULO.

191 905 302 936 CAP·
330 906 439 938 X1¹1-
501 891 877 952 DEF1N1T10
941 893 1177 952 decima
1237 894 1787 973 irreprehensibilis
1846 906 1958 966 est,
2015 916 2235 976 nempe

171 963 428 1045 υἶῷῑᾙῖζ
498 984 666 1044 haec:
746 985 892 1045 Cum
935 996 1131 1045 autem
1190 994 1316 1045 tres
1367 988 1824 1069 magnitudines
1860 992 2234 1070 proportio-

171 1064 327 1099 ⁰³¹⁶¹¹¹⁰‘
497 1079 975 1158 nalessuerunt,
998 1082 1207 1158 prima
1240 1082 1329 1140 ad
1350 1084 1599 1142 tertiam
1627 1083 2012 1163 duplicatam
2041 1084 2236 1143 ratio-

496 1193 626 1231 nem
655 1173 884 1232 habere
917 1174 1152 1232 dieitur
1183 1176 1317 1251 ejus
1340 1197 1522 1254 quam
1552 1176 1735 1235 habet
1764 1177 1856 1236 ad
1872 1177 2232 1237 secundam:

497 1275 567 1326 at
598 1289 729 1326 eum
760 1275 1026 1346 quatuor
1063 1268 1519 1348 magnitudines
1548 1269 2055 1350 proportionales
2077 1271 2234 1348 fue-

495 1361 638 1434 rint,
688 1363 904 1441 prim-a
963 1362 1053 1420 ad
1125 1371 1414 1441 quartam
1483 1364 1868 1444 triplicatam
1933 1364 2234 1424 rationem

495 1454 724 1514 habere
756 1456 987 1514 dicitur
1018 1457 1150 1533 ejus
1180 1477 1360 1535 quam
1389 1456 1573 1517 habet
1617 1458 1707 1516 ad
1749 1457 2079 1516 secundam
2103 1480 2124 1516 :
2169 1467 2233 1518 et

494 1569 735 1628 semper
766 1550 1078 1630 deincepS‚
1110 1570 1225 1609 uno
1259 1550 1528 1631 amplius
1571 1551 1864 1632 quamdiu
1899 1553 2232 1631 proportio

496 1644 797 1703 extiterit.

576 1739 686 1797 Est
726 1748 931 1797 autem
973 1738 1137 1817 quod
1175 1739 1539 1818 reprehendi
1586 1749 1790 1818 potest
1833 1750 1896 1799 et
1942 1740 2126 1800 debet
2164 1740 2230 1801 in

494 1833 874 1910 expositione
903 1833 1085 1912 hujus
1116 1832 1485 1892 definitionis
1531 1834 1696 1912 apud
1737 1835 2038 1895 Clavium.
2128 1836 2230 1895 Sic

494 1926 657 1984 enim
705 1926 957 1985 scribit:
1021 1927 1454 2006 “Interpretes
1483 1928 1762 1987 nonnulli
1811 1929 2108 2007 colligunt
2154 1949 2230 1989 ex

491 2021 607 2080 hac
652 2021 1025 2094 definitione,
1059 2022 1109 2080 si
1152 2033 1576 2100 proponantur
1617 2023 1821 2101 plures
1853 2024 2228 2102 quantitates
2272 2023 2275 2027 ’

494 2116 782 2175 continue
802 2117 1305 2194 proportionaleS,
1326 2118 1785 2195 proportionem
1805 2118 2017 2196 primae
2039 2137 2230 2195 quan-

492 2211 685 2270 titatis
718 2211 795 2269 ad
840 2212 1087 2270 tertiam
1118 2231 1247 2270 esse
1279 2211 1526 2290 duplam
1567 2213 1978 2290 proportionis
2017 2212 2230 2291 primae

494 2305 852 2383 quantitatis
883 2305 962 2363 ad
1001 2305 1350 2377 secundam,
1397 2325 1467 2363 eo
1511 2305 1676 2382 quod
1727 2306 2011 2365 Euclides
2057 2305 2226 2364 illam

493 2408 672 2458 vocet
731 2398 1104 2476 duplicatam
1161 2398 1619 2477 proportionem
1677 2399 1876 2477 hujus
1990 2399 2227 2459 Eodem

493 2492 675 2552 modo
709 2493 944 2563 volunt,
985 2493 1442 2571 proportionem
1487 2492 1701 2570 primae
1746 2493 2103 2572 quantitatis
2149 2494 2229 2554 ad

495 2595 796 2666 quartam,
848 2606 978 2645 esse
1035 2587 1281 2664 triplam
1338 2586 1750 2664 proportionis
1802 2607 1982 2665 quam
2040 2588 2227 2649 habet

493 2683 693 2761 prima
731 2681 1036 2759 quantitas
1076 2681 1155 2739 ad
1195 2680 1545 2754 secundam,
1588 2690 1704 2740 etc.
1796 2682 1981 2742 Quod
2023 2694 2230 2743 tamen

494 2777 664 2835 nulla
693 2785 785 2835 est
814 2775 1050 2835 ratione
1082 2775 1560 2835 concedendum.
1665 2776 1883 2855 Neque
1915 2777 2077 2837 enim
2107 2779 2231 2838 Eu-

496 2871 684 2930 clides
703 2871 820 2930 hoc
841 2870 1185 2949 significare
1213 2870 1423 2943 voluit,
1446 2871 1553 2930 sed
1573 2870 1783 2931 docuit
1803 2873 2229 2933 tantummodo

496 2966 955 3044 proportionem
984 2965 1196 3043 primae
1227 2965 1589 3044 quantitatis
1619 2966 1700 3025 ad
1730 2966 1992 3039 tertiam,
2023 2967 2233 3046 appel-

498 3060 611 3120 lari
631 3059 1000 3138 duplicatam
1033 3061 1161 3138 ejus
1184 3061 1596 3139 proportionis
1626 3081 1809 3139 quam
1825 3062 2012 3121 habet
2034 3062 2232 3140 prima

500 3155 810 3233 quantitas
841 3155 920 3214 ad
950 3154 1279 3213 secundam
1306 3180 1320 3222 ;
1365 3167 1690 3234 propterea
1719 3156 1883 3235 quod
1919 3157 2080 3216 inter
2107 3158 2232 3236 pri-

500 3269 665 3308 mam
718 3250 1121 3327 quantitatem
1173 3270 1245 3308 ac
1295 3251 1542 3309 tertiam
1593 3251 1894 3329 reperitur
1940 3251 2232 3330 quodam-

502 3344 685 3403 modo
714 3344 1031 3422 proportio
1056 3344 1268 3422 primae
1292 3346 1652 3423 quantitatis
1672 3345 1751 3404 ad
1770 3346 2101 3406 secundam
2120 3347 2234 3408 du-

499 3439 728 3517 plicata
753 3465 767 3508 ;
814 3439 1037 3517 quippe
1067 3457 1206 3497 cum
1245 3440 1409 3499 inter
1437 3441 1698 3519 primam
1727 3440 2131 3519 quantitatem
2160 3463 2232 3502 ac

501 3533 749 3592 tertiam
779 3533 1248 3612 interponantur
1279 3533 1415 3594 duae
1445 3535 1870 3614 proportiones
1892 3535 2154 3614 aequales
2176 3537 2232 3597 ei

502 3627 906 3706 proportioni,
939 3647 1119 3706 quam
1142 3627 1327 3688 habet
1350 3628 1547 3707 prima
1570 3629 1882 3707 quantitas
1912 3629 1991 3689 ad
2020 3650 2232 3691 secun-
