2462 4120
554 330 630 382 54
904 343 1351 388 EXAMlNATm
1386 347 1470 388 ET
1501 348 1911 390 EMENDATIO

244 501 487 534 mALoGns
554 499 684 539 esse
715 481 1179 542 convertibilia?
1243 484 1563 560 Praeterea,
1595 487 1862 565 quinque
1893 507 1930 546 a
1959 494 2093 541 πέντε
2127 483 2274 543 ridi-

343 570 395 600 ΙΙ.

246 626 483 654 κ--Υ--κ

553 575 687 634 cule
739 574 1007 650 deducit,
1056 586 1238 656 atque
1296 580 1482 640 etiam
1527 581 1933 660 impudenter,
1981 577 2274 638 mutando

550 679 635 724 πέν
663 670 727 728 in
757 669 923 749 quin,
956 681 1018 731 et
1045 699 1092 727 τε
1124 674 1188 732 in
1217 694 1350 753 que.

634 763 716 822 B.
762 764 980 824 Fateor
1011 764 1431 827 duriusculum
1461 788 1592 828 esse
1621 769 1760 828 hoc.

632 857 714 917 A.
758 858 890 918 Nec
925 860 1123 919 minus
1153 869 1386 922 centum
1414 864 1489 922 ab
1519 870 1713 932 ἕκατονς
1760 871 1822 923 et
1849 861 2018 922 mille
2052 881 2089 920 a
2114 869 2275 935 μύρια,

548 953 646 1012 vel
673 953 877 1032 potius
907 974 943 1013 a
969 963 1105 1026 μύρια
1135 964 1197 1014 et
1223 968 1364 1027 χίλια
1388 981 1403 1025 ;
1450 965 1511 1015 et
1539 965 1804 1036 quatuor
1834 977 1871 1016 a
1898 966 2131 1026 τέσσαρες.

631 1047 711 1107 B.
758 1048 1016 1107 Memini
1051 1069 1189 1108 eum
1228 1069 1264 1108 a
1291 1060 1503 1121 τέσσαρες
1544 1050 1912 1129 processisse
1954 1047 2032 1107 ad
2073 1057 2277 1119 τέτταρες

549 1141 844 1214 Atticum,
857 1141 998 1200 inde
1017 1142 1097 1200 ad
1113 1142 1420 1220 poeticum
1441 1152 1645 1215 πίσυρες,
1665 1143 1807 1202 inde
1826 1143 1905 1202 ad
1926 1156 2120 1215 τέτορες,
2137 1159 2277 1219 pos-

548 1244 744 1294 tremo
767 1235 846 1295 ad
876 1236 1260 1294 Cambricum
1278 1235 1546 1314 pedwar
1573 1246 1634 1295 et
1655 1237 2042 1296 Armoricum
2061 1254 2274 1313 pevar.

548 1330 633 1388 At
662 1350 699 1388 a
726 1343 891 1401 πίτυρα
921 1329 1018 1387 vel
1046 1338 1234 1399 πέττορα
1255 1328 1355 1408 Vel
1373 1339 1537 1401 πέτορα
1553 1329 1747 1388 facilis
1771 1339 1863 1389 est
1885 1328 2176 1388 transitus
2199 1325 2278 1386 ad

548 1431 834 1503 quatuor,
865 1430 1115 1500 propter
1145 1422 1504 1481 affinitatem
1544 1423 1857 1483 literarum
1890 1443 1945 1503 p
1984 1431 2048 1481 et
2090 1440 2172 1501 qu
2214 1420 2278 1478 in

548 1517 858 1597 quispiam
888 1526 950 1575 et
979 1516 1325 1596 quisquam,
1356 1517 1641 1596 nuspiam
1670 1526 1733 1576 et
1762 1535 2074 1597 nusquam.

633 1612 712 1670 A.
761 1611 1003 1670 Credin'
1035 1611 1120 1669 ita
1152 1630 1280 1669 esse
1307 1609 1327 1668 ἒ

634 1706 715 1764 Β.
764 1704 902 1764 Scio
935 1704 1270 1763 Massiliam
1305 1704 1490 1764 fuisse
1534 1704 1935 1764 Phocensium
1979 1702 2278 1763 coloniam

550 1799 905 1867 AEolorum3
971 1799 1177 1876 itaque
1221 1818 1444 1858 nomen
1486 1807 1673 1870 πέτορα,
1733 1798 1784 1857 si
1829 1797 2132 1856 AEolicum
2182 1795 2278 1867 sit,

550 1894 820 1972 potuisse
850 1914 887 1951 a
916 1893 1400 1952 Massiliensibus
1428 1892 1636 1951 venire
1666 1891 1743 1951 ad
1773 1890 1998 1951 Gallos.
2076 1891 2279 1951 Gallo-

552 2009 687 2048 rum
732 1988 973 2048 colonia
1012 1998 1187 2047 erant
1228 1987 1494 2061 Cambri,
1540 2007 1646 2046 seu
1673 1987 1876 2046 Walli.
1965 1986 2087 2045 Cur
2133 2005 2278 2064 ergo

551 2103 674 2142 non
703 2083 904 2161 potuit
935 2102 1009 2140 ex
1037 2092 1225 2154 πέτορα,
1257 2082 1307 2140 si
1338 2102 1472 2154 vox,
1513 2081 1783 2159 inquam,
1815 2100 1888 2140 ea
1917 2080 1997 2140 sit
2024 2079 2279 2151 AEolica,

551 2178 685 2237 fieri
702 2197 907 2258 pevar
925 2179 961 2235 ,9

636 2273 716 2330 A.
763 2270 986 2330 Potuit.
1055 2268 1176 2327 Sed
1204 2269 1368 2327 unde
1392 2268 1607 2327 didicit
1636 2268 1737 2327 ille
1767 2275 2029 2348 quatuor
2049 2265 2281 2326 AEolice

553 2366 673 2424 dici
701 2375 895 2437 πέτορα,
927 2371 1032 2422 aut
1062 2364 1309 2422 omnino
1338 2384 1552 2423 vocem
1594 2363 1760 2422 illam
1804 2383 1933 2422 esse
1964 2359 2279 2423 Graecam?

634 2457 710 2517 B.
755 2458 937 2517 Forte
968 2456 1072 2534 qui
1112 2477 1224 2534 pro
1269 2466 1437 2516 certo
1471 2458 1735 2516 habebat
1765 2477 1978 2516 vocem
2021 2463 2283 2536 quatuor

552 2573 588 2611 a
616 2572 767 2610 voce
796 2559 965 2621 πέτορα
996 2550 1335 2609 derivatum
1367 2571 1516 2624 esse,
1547 2571 1661 2610 nec
1692 2552 1937 2610 videbat
1977 2549 2282 2628 quomodo

552 2646 617 2705 id
645 2646 820 2704 aliter
850 2644 982 2703 fieri
1020 2644 1240 2722 potuit,
1274 2645 1552 2704 dubitare
1581 2645 1779 2704 noluit
1823 2645 1970 2724 quin
2008 2644 2094 2702 ibi
2123 2653 2283 2703 esset

551 2761 670 2800 vox
711 2751 875 2811 πέτορα
920 2740 1266 2818 ubicunque
1310 2748 1470 2799 esset
1500 2749 1716 2812 πίσυρες,
1762 2748 1823 2798 et
1858 2738 2077 2797 debere
2114 2744 2283 2807 πίσυρα

552 2835 709 2894 verti
740 2834 944 2893 Attice
975 2834 1037 2892 in
1068 2846 1278 2906 τίττυρα,
1312 2844 1375 2893 et
1402 2842 1615 2912 postea
1652 2834 1715 2893 in
1744 2844 1930 2906 πέτορα,
1977 2839 2049 2891 ut
2089 2830 2283 2891 facilis

555 2937 714 2989 esset
756 2927 1046 2988 transitus
1077 2926 1155 2986 ad
1183 2935 1466 3007 quatuor.

638 3025 717 3082 A.
760 3023 960 3083 Julius
1013 3022 1284 3100 Scaliger
1337 3021 1584 3080 deducit
1626 3039 1868 3098 quoque
1911 3026 2175 3099 quatuor
2221 3025 2285 3076 et

554 3117 821 3198 quinque
866 3137 903 3175 a
954 3115 1174 3175 Graeca
1216 3114 1469 3192 origine,
1518 3113 1626 3173 sed
1677 3114 1870 3173 aliter.
1958 3112 2282 3184 Nimirum,

556 3231 696 3271 cum
733 3210 1168 3288 antiquissimis
1207 3208 1580 3287 temporibus
1623 3209 1742 3267 tria
1783 3215 2023 3266 tantum
2072 3225 2284 3265 nume-

555 3326 765 3366 rorum
792 3305 1043 3364 nomina
1063 3304 1378 3377 haberent,
1411 3311 1480 3374 ἕν,
1504 3312 1598 3370 δύο,
1621 3319 1744 3376 τρία,
1770 3302 2055 3361 dicebant
2077 3298 2284 3378 digitis

555 3407 944 3460 numerantes
972 3408 1112 3478 post
1139 3409 1259 3473 τρία,
1283 3408 1500 3471 χᾶτερον,
1526 3406 1586 3455 et
1616 3405 1756 3474 post
1786 3404 2047 3474 quatuor
2077 3406 2120 3452 κὶ
2144 3402 2194 3452 ἕν
2216 3401 2282 3468 κὲ,

557 3515 694 3573 quae
723 3493 924 3553 Latini
952 3493 1440 3572 pronunciabant
1469 3499 1734 3571 quatuor
1766 3499 1828 3550 et
1856 3490 2133 3570 quinque.

639 3589 720 3649 B.
767 3587 1060 3650 Subtilius
1094 3587 1382 3666 Scaliger,
1419 3585 1525 3646 sed
1555 3595 1812 3664 uterque
1844 3584 2182 3664 nugatorie.
