2462 4120
552 397 671 450 216
908 407 1350 451 ΕΧΑΜῙΝΑΤΙΟ
1386 410 1469 451 ΕΤ
1503 409 1915 453 EMENDATIO

241 569 491 602 DIALOGUS

333 637 396 668 vI.
1111 641 1519 683 PROPOSITIO
1553 642 1702 682 XIX.

638 734 846 806 solidi,
879 735 1043 813 quod
1071 737 1142 794 fit
1170 758 1206 796 a
1236 737 1629 795 conversione
1659 737 1947 815 trianguli
1976 737 2270 796 rectilinei

554 829 732 886 FDB
783 849 893 907 per
941 832 1342 907 quadrantem
1394 832 1604 890 circuli
1662 851 1841 909 super
1887 833 2092 891 basem
2141 832 2270 903 FD,

553 933 829 981 centrum
860 925 1175 1001 gravitatis
1197 934 1285 983 est
1314 926 1376 982 in
1399 925 1580 1001 plano
1607 925 1958 1001 quadrantis
1982 925 2275 1004 descripti

553 1017 1097 1098 semidiametroyy
1130 1028 1190 1076 et
1220 1018 1408 1076 erecti
1438 1017 1513 1075 ad
1543 1018 1792 1095 planum
1824 1020 2071 1089 chartae,
2102 1031 2163 1079 et
2210 1020 2273 1079 in

553 1130 625 1169 ea
665 1121 834 1170 recta
866 1133 1000 1190 quae
1032 1113 1214 1170 ducta
1243 1132 1279 1170 a
1307 1121 1537 1188 puncto
1564 1139 1601 1190 γ
1631 1111 1848 1171 dividit
1878 1133 2084 1172 arcum
2117 1115 2275 1192 ejus-

554 1204 693 1263 dem
751 1207 1103 1283 quadrantis
1155 1206 1451 1276 bifariam,
1518 1204 1823 1283 distatque
1869 1227 1904 1265 a
1960 1218 2189 1284 puncto
2217 1236 2274 1287 γ,

555 1299 719 1377 quod
748 1311 839 1358 est
868 1302 928 1358 in
961 1301 1109 1372 basi,
1141 1310 1377 1358 tantum
1410 1309 1638 1375 quanta
1667 1310 1757 1358 est
1787 1300 2053 1359 dodrans
2077 1301 2278 1380 duplae

553 1403 739 1453 rectae
777 1396 828 1452 A
842 1422 889 1453 v.

638 1487 897 1553 Factum
924 1487 1084 1546 enim
1114 1487 1372 1546 solidum
1403 1507 1438 1545 a
1468 1487 1845 1546 revolutione
1885 1489 2125 1566 integra
2169 1488 2278 1548 tri-

555 1582 764 1659 anguli
798 1581 964 1640 FDB
998 1601 1179 1659 super
1202 1582 1409 1639 basem
1438 1581 1569 1653 FD,
1604 1591 1697 1640 θεῖ
1721 1601 1910 1640 conus
1943 1584 2114 1661 cujus
2139 1602 2279 1641 cen-

553 1683 718 1735 trum
747 1676 1062 1754 gravitatis
1105 1675 1319 1734 dividit
1365 1677 1570 1734 basem
1618 1676 1726 1734 FD
1766 1676 1854 1734 ita
1901 1687 1972 1735 ut
2021 1696 2161 1755 pars
2201 1676 2281 1735 ad

552 1770 846 1828 verticem
895 1770 973 1828 sit
1023 1769 1100 1828 ad
1139 1770 1433 1847 reliquam
1479 1779 1548 1828 ut
1596 1778 1631 1829 3
1679 1770 1756 1828 ad
1808 1778 1858 1843 1,
1898 1771 1963 1829 id
2010 1771 2193 1830 estin
2223 1799 2277 1851 γ.

558 1863 763 1922 Quare
793 1863 1039 1940 planum
1072 1874 1341 1922 erectum
1366 1864 1441 1922 ad
1471 1864 1717 1941 planum
1745 1865 1971 1924 chartae
2001 1865 2063 1923 in
2117 1885 2284 1924 com-

555 1957 727 2015 muni
780 1958 1046 2016 sectione
1098 1958 1209 2016 FD
1241 1976 1449 2016 secans
1508 1977 1641 2015 eam
1699 1958 1762 2016 in
1793 1984 1842 2030 γ,
1897 1968 1989 2017 θεῖ
2033 1958 2284 2037 planum

557 2052 879 2130 aequilibrii
909 2061 1039 2111 tum
1080 2052 1266 2130 ipsius
1308 2052 1463 2124 coni,
1516 2061 1647 2110 tum
1680 2053 1863 2111 etiam
1909 2052 2145 2112 dimidii
2186 2052 2284 2111 vel

559 2147 909 2224 quotaelibet
953 2147 1144 2224 partis
1193 2149 1339 2224 ejus,
1448 2146 1701 2204 Planum
1752 2147 1913 2205 enim
1964 2147 2286 2225 aequilibrii

559 2240 776 2299 dividit
804 2241 936 2298 haec
967 2240 1029 2298 in
1075 2249 1382 2298 momenta
1429 2239 1706 2318 aequalia.
1792 2241 1903 2298 Est
1951 2261 2096 2320 ergo
2147 2260 2286 2299 cen-

557 2343 718 2392 trum
750 2334 1071 2411 aequilibrii
1103 2334 1297 2405 solidi,
1331 2333 1493 2411 quod
1522 2334 1593 2390 fit
1623 2353 1659 2391 a
1690 2344 1907 2411 quarta
1935 2346 2109 2412 parte
2139 2355 2286 2393 con-

557 2429 850 2486 versionis
902 2428 1192 2506 trianguli
1242 2429 1375 2496 FD,
1427 2428 1490 2486 in
1538 2427 1720 2506 plano
1775 2429 2127 2506 quadrantis
2186 2429 2284 2488 de-

560 2524 774 2601 scripti
804 2543 840 2581 a
867 2554 940 2593 γγ
974 2532 1034 2582 θῖ
1064 2523 1250 2582 erecti
1280 2522 1355 2580 ad
1385 2522 1633 2600 planum
1665 2521 1908 2580 chartae.
1980 2523 2286 2582 Quoniam

559 2627 765 2675 autem
790 2636 972 2675 arcus
1005 2616 1360 2694 quadrantis
1392 2615 1679 2693 descripti
1726 2635 1761 2673 a
1791 2615 1908 2674 DB
1951 2616 2167 2694 duplus
2197 2625 2288 2676 θεῖ

559 2730 738 2769 arcus
771 2710 949 2770 BCD
983 2711 1271 2789 descripti
1301 2711 1375 2769 ab
1408 2711 1545 2782 AB,
1579 2721 1638 2767 et
1662 2720 1941 2768 centrum
1970 2710 2287 2787 gravitatis

560 2804 921 2864 semicirculi
953 2804 1128 2862 BCD
1161 2804 1345 2862 distat
1375 2824 1411 2862 a
1442 2812 1652 2862 centro
1703 2803 1752 2862 A
1797 2803 2116 2862 intervallo
2147 2804 2286 2875 AO,

560 2899 676 2958 erit
715 2910 992 2956 centrum
1022 2899 1341 2976 gravitatis
1375 2897 1734 2955 semicirculi
1778 2897 2064 2975 descripti
2104 2917 2140 2956 a
2169 2898 2287 2956 DB

559 2994 623 3051 in
655 2992 942 3051 distantia
972 3013 1008 3050 a
1037 3001 1246 3050 centro
1278 2992 1332 3050 D
1352 3001 1540 3063 tanta,
1567 3002 1795 3069 quanta
1825 3001 1917 3050 est
1937 2991 2122 3070 dupla
2144 2990 2285 3050 AO.

562 3086 851 3145 Sumatur
881 3086 999 3145 ΒΤ
1030 3085 1279 3164 aequalis
1330 3085 1530 3162 duplae
1577 3085 1717 3155 AO,
1751 3085 2131 3163 ducaturque
2182 3085 2290 3144 FT

559 3200 772 3239 secans
792 3209 865 3251 γγ
887 3180 948 3238 in
980 3180 1053 3238 V.
1115 3180 1339 3249 Quare,
1372 3178 1616 3257 quando
1647 3179 1708 3238 in
1757 3181 2154 3239 conversione
2179 3179 2289 3238 tri-

559 3275 767 3352 anguli
817 3274 992 3333 FDB
1036 3281 1206 3331 recta
1234 3273 1351 3331 DT
1376 3274 1446 3331 fit
1468 3274 1650 3351 plano
1683 3273 1913 3332 chartae
1964 3272 2288 3352 perpendi-

558 3369 797 3440 culariS,
830 3368 948 3426 erit
974 3377 1272 3446 punctum
1294 3367 1346 3425 T
1376 3378 1654 3425 centrum
1679 3367 1998 3445 gravitatis
2022 3367 2288 3426 semicir-

557 3463 677 3522 culi
728 3462 1020 3541 descripti
1071 3481 1107 3520 a
1158 3461 1454 3519 diametro
1507 3461 1645 3521 DB.
1737 3462 1914 3520 Secet
1960 3471 2129 3520 recta
2179 3461 2287 3519 FB

555 3567 788 3616 rectam
808 3587 883 3628 γγ
934 3557 996 3614 in
1040 3555 1121 3613 X.
1212 3554 1417 3614 Quare
1477 3554 1720 3632 quando
1771 3555 1834 3613 in
1892 3553 2284 3613 conversione

554 3651 842 3729 trianguli
889 3650 1081 3721 FDT,
1115 3648 1211 3719 yV
1242 3658 1330 3707 est
1371 3648 1449 3707 ad
1499 3648 1748 3726 planum
1795 3649 2024 3706 chartae
2066 3655 2291 3718 erecta,
