2462 4120
298 508 438 541 PROP.
465 511 538 543 ΙΙΙ.

302 566 538 594 κ-Ὕ-κ

616 342 735 394 496
1162 358 1460 402 CURATIO
1497 361 1814 404 SPHAERAE.

698 489 817 550 Sed
847 491 1206 570 quadratum
1238 498 1314 557 ab
1345 499 1463 559 ΥΘ,
1490 501 1722 579 aequale
1747 509 1836 560 est
1866 519 2024 560 areae
2048 501 2343 579 quadran-

611 585 690 644 tis
714 584 896 645 ACB.

696 670 860 747 Ergo
885 669 1003 731 ΥΘ,
1032 681 1125 731 θεῖ
1164 674 1364 733 media
1404 678 1876 755 proportionalis
1916 679 2075 739 inter
2106 677 2216 740 AC
2248 681 2343 744 vel

615 759 737 833 CG,
770 773 832 820 et
862 784 1068 824 arcum
1102 765 1221 826 CL.

698 856 818 914 Sed
848 857 966 919 ΥΘ,
995 871 1086 918 θεῖ
1117 861 1317 920 media
1340 863 1810 940 proportionalis
1841 865 1999 924 inter
2023 864 2127 927 CG
2157 877 2219 926 et
2237 868 2339 928 Ze.

694 950 857 1028 Ergo
889 952 971 1010 Ze
1001 955 1249 1032 aequalis
1280 967 1372 1013 est
1403 957 1572 1014 arcui
1615 955 1736 1029 CL,
1769 958 1892 1016 sive
1919 969 2149 1019 octavae
2177 963 2339 1039 parti

607 1046 795 1103 totius
825 1046 1138 1124 perimetri
1169 1046 1408 1121 BCDE,
1439 1049 1502 1107 id
1534 1060 1626 1108 est
1656 1051 1891 1110 semissi
1914 1073 2089 1112 arcus
2123 1053 2244 1114 OB.

1202 1277 1617 1319 PROPOSITIO
1652 1279 1746 1320 IV.

687 1382 765 1441 Si
811 1383 872 1442 in
925 1384 1129 1443 latere
1176 1386 1279 1444 CG
1317 1386 1628 1464 producto
1679 1395 1957 1445 sumatur
2007 1388 2089 1448 Gi
2142 1389 2336 1468 dupla

601 1486 786 1536 Τροία]
815 1479 916 1547 Zc,
935 1480 1367 1558 jungaturque
1397 1481 1479 1538 Bi
1508 1500 1727 1539 secans
1753 1481 1859 1539 AC
1896 1482 1959 1540 in
1989 1502 2054 1541 e:
2083 1483 2206 1541 erit
2235 1503 2332 1542 ar-

602 1591 709 1629 cus
742 1573 1105 1650 quadrantis
1146 1574 1451 1653 descripti
1491 1575 1676 1633 radio
1706 1575 1795 1633 Ae
1840 1575 2100 1655 aequalis
2143 1576 2336 1636 lateri

685 1760 839 1819 Cum
880 1762 1041 1819 enim
1087 1773 1258 1820 recta
1297 1763 1378 1820 Zc
1417 1763 1666 1841 aequalis
1710 1764 1789 1822 sit
1835 1764 2005 1823 arcui
2052 1762 2174 1836 CL,
2217 1765 2333 1825 erit

598 1863 769 1913 recta
799 1855 876 1914 Gi
906 1856 1155 1933 aequalis
1187 1858 1355 1916 arcui
1387 1855 1507 1917 BG.
1601 1858 1757 1917 Sunt
1786 1867 1992 1917 autem
2028 1859 2334 1936 triangula

600 1948 751 2021 BGi,
772 1947 923 2008 BAe
952 1951 1185 2010 similia.
1277 1951 1482 2011 Quare
1513 1961 1582 2010 ut
1613 1952 1690 2011 Gi
1720 1952 1798 2011 ad
1829 1952 1953 2025 BG,
1984 1953 2073 2012 ita
2102 1951 2234 2026 BA,
2268 1953 2333 2013 id

599 2053 691 2102 est
721 2041 848 2114 BG,
874 2044 952 2103 ad
983 2043 1094 2104 Ae.
1162 2045 1283 2104 Sed
1316 2045 1399 2104 Gi
1430 2046 1679 2124 aequalis
1711 2057 1805 2105 est
1835 2047 2004 2106 arcui
2034 2047 2330 2126 quadran-

599 2138 678 2196 tis
711 2138 1002 2218 descripti
1049 2140 1220 2199 radio
1265 2137 1392 2200 BG.
1483 2141 1690 2201 Quare
1739 2141 1898 2200 latus
1945 2138 2056 2202 BG
2101 2142 2331 2220 aequale

599 2242 691 2291 θεῖ
721 2234 888 2291 arcui
920 2234 1277 2311 quadrantis
1308 2234 1598 2313 descripti
1626 2235 1798 2294 radio
1830 2234 1945 2294 Ae.

683 2327 973 2405 Sequitur
991 2328 1133 2387 hinc
1162 2348 1372 2387 arcum
1394 2328 1479 2407 qs,
1507 2338 1816 2387 secantem
1835 2326 1951 2389 AG
1978 2329 2041 2387 in
2048 2328 2116 2407 f
2132 2338 2192 2388 et
2214 2327 2328 2390 AO

595 2420 659 2478 in
686 2441 757 2500 g,
789 2422 1084 2499 aequalem
1123 2441 1252 2480 esse
1298 2422 1531 2481 semissi
1572 2422 1778 2481 lateris
1809 2420 1938 2494 AG,
1979 2431 2043 2480 et
2081 2442 2210 2482 esse
2250 2423 2330 2482 ad

594 2524 826 2574 rectam
855 2516 938 2573 Ze
964 2526 1035 2574 ut
1065 2516 1270 2575 radius
1300 2517 1378 2575 ad
1410 2516 1811 2595 quadrantem
1843 2535 1966 2577 suae
1995 2517 2326 2595 perimetri.

1201 2744 1618 2786 PROPOSITIO
1657 2745 1716 2785 V.

677 2851 738 2912 A
777 2861 1012 2933 puncto
1038 2853 1088 2912 L
1119 2853 1383 2913 ducatur
1412 2861 1587 2912 recta
1619 2853 1720 2913 Lh
1756 2851 2089 2933 parallela
2132 2850 2327 2911 lateri

592 2947 714 3020 GC,
745 2967 962 3006 secans
993 2947 1100 3006 AC
1130 2947 1191 3006 in
1220 2947 1293 3006 h:
1338 2956 1401 3006 et
1431 2948 1503 3006 eb
1534 2946 1866 3027 parallela
1906 2945 2104 3005 eidem
2133 2945 2328 3005 lateri

590 3042 719 3115 GC,
766 3062 982 3101 secans
1021 3042 1132 3101 AG
1178 3043 1240 3101 in
1277 3043 1318 3102 b
1359 3050 1419 3101 et
1450 3042 1558 3101 AC
1593 3042 1655 3101 in
1686 3062 1736 3101 e.
1810 3040 1977 3100 Dico
2008 3041 2149 3118 jam
2197 3048 2327 3099 tres

591 3144 802 3196 reeta-s·
841 3137 951 3208 Zc,
984 3137 1096 3210 hL‚
1129 3137 1223 3209 eb,
1254 3137 1383 3196 Sive
1422 3137 1546 3210 ΑΖ,
1571 3136 1698 3208 Ah,
1723 3135 1844 3210 Αθ,
1877 3155 2009 3195 esse
2047 3133 2326 3194 continue

575 3229 1107 3311 proportionale&

674 3326 829 3385 Cum
880 3325 1043 3384 enim
1083 3325 1177 3397 Gi,
1203 3323 1333 3398 AC,
1370 3324 1440 3384 eb
1486 3325 1605 3385 sint
1650 3323 1937 3384 continue
1978 3321 2324 3402 proportio-

587 3421 772 3495 naleS‚
804 3420 954 3478 item
982 3419 1111 3492 AG,
1130 3418 1256 3490 AC,
1282 3417 1374 3477 hL
1401 3418 1690 3478 continue
1719 3415 2224 3497 proportionaleS,
2258 3425 2321 3475 et

589 3514 697 3575 AC
728 3515 1052 3593 utrobique
1097 3513 1323 3582 media3
1370 3515 1486 3573 erit
1524 3523 1593 3572 ut
1633 3512 1710 3572 Gi
1748 3512 1828 3571 ad
1870 3511 2007 3585 AG,
2038 3511 2125 3570 ita
2168 3509 2323 3569 reci-

586 3630 770 3688 proce
800 3609 891 3668 leL
923 3609 1002 3669 ad
1032 3608 1122 3669 eb.
1215 3609 1419 3670 Quare
1462 3618 1532 3669 ut
1562 3608 1638 3667 Gi
1679 3606 1756 3668 ad
1787 3607 1915 3680 AG,
1952 3605 2042 3684 (id
2081 3615 2173 3666 θεῖ
2217 3605 2319 3678 Ze,
