2462 4120
439 402 558 454 252
965 414 1054 455 DE
1088 414 1374 456 NATURA
1407 414 1634 457 AERIS.

440 550 641 610 vanda
684 552 898 612 utitur.
988 553 1108 612 Sed
1156 554 1231 613 de
1276 575 1467 614 vacuo
1516 554 1790 614 dicturus
1835 561 1896 612 et
1944 561 2164 611 natura

438 645 617 716 aeriS‚
649 645 828 704 aliam
858 647 1109 705 assumit
1143 648 1550 726 hypothesim,
1581 649 1758 721 hano,
1790 646 1954 726 quod
2000 655 2166 704 terra

436 747 674 796 motum
703 739 818 798 sibi
864 741 1178 818 proprium
1226 741 1432 810 habet,
1465 742 1540 799 ab
1592 741 1724 819 ipsa
1767 750 1987 800 natura
2037 739 2164 797 sive

437 832 747 891 creatione
786 845 1125 912 acceptum,
1158 835 1342 893 etiam
1391 832 1759 892 circularem
1805 832 2161 913 simplicem.

435 926 513 984 Et
542 946 650 1004 per
669 927 1143 1006 suppositionem
1167 928 1326 986 hanc
1356 927 1548 985 multa
1572 927 1645 985 de
1690 927 1884 986 causis
1913 936 2162 986 natura-

435 1019 592 1079 libus
623 1022 939 1100 perspicue
966 1022 1345 1080 demonstrat
1370 1042 1384 1089 ;
1431 1041 1564 1079 eam
1594 1030 1799 1079 autem
1830 1021 2022 1098 qualis
2062 1020 2160 1090 sit,

437 1116 523 1174 sic
554 1116 877 1195 intelliges.
927 1118 1107 1176 Sume
1139 1116 1252 1174 tibi
1281 1116 1343 1174 in
1374 1134 1591 1173 manus
1619 1114 1880 1192 pelvem,
1904 1114 1967 1172 in
1991 1115 2162 1192 cujus

433 1210 622 1270 fundo
654 1212 731 1271 sit
775 1211 1220 1290 aliquantulum
1268 1229 1479 1287 aquae:
1531 1208 2161 1286 quantulumcunque,

433 1305 616 1364 modo
676 1306 930 1365 visibile.
1026 1305 1247 1363 Nonne
1296 1313 1474 1381 potes
1523 1312 1592 1361 tu
1642 1302 1926 1379 aquulam
1975 1301 2161 1373 illam,

433 1400 670 1478 pelvem
712 1399 1033 1470 movendO,
1074 1399 1162 1457 ita
1211 1417 1475 1466 movere,
1526 1406 1594 1456 ut
1652 1397 1882 1455 circum
1935 1405 2160 1468 currat,

436 1494 676 1553 elevans
708 1514 790 1566 se,
824 1494 986 1553 circa
1003 1492 1193 1571 pelvis
1217 1490 1595 1570 superficiem
1627 1490 1996 1549 concavam?

516 1586 594 1647 B.
641 1589 911 1658 Possum,
944 1595 1006 1645 et
1034 1585 1336 1644 facillime.
1427 1586 1587 1644 Nam
1630 1585 1868 1663 pelvem
1904 1594 2163 1661 utraque

435 1701 619 1740 manu
651 1701 1069 1759 comprensam
1100 1680 1346 1758 agitabo
1379 1679 1793 1746 circulariter3
1826 1678 1933 1737 sed
1961 1687 2029 1736 ut
2048 1677 2165 1736 cir-

435 1777 602 1836 culos
647 1776 831 1835 faciat
862 1775 1037 1834 valde
1068 1794 1306 1853 parVOS,
1353 1793 1431 1831 ne
1470 1793 1628 1851 aqua
1665 1771 1888 1831 exiliat.
1981 1770 2165 1832 Quod

436 1891 574 1930 cum
617 1870 855 1941 faciam,
883 1889 1054 1948 aqua,
1090 1889 1225 1946 quae
1255 1868 1318 1925 in
1364 1867 1554 1926 fundo
1597 1875 1747 1939 erat,
1800 1866 1927 1925 sine
1975 1865 2161 1924 dubio

434 1975 704 2044 exurget,
747 1974 809 2023 et
855 1984 963 2043 per
1010 1963 1385 2042 superficiem
1439 1962 1630 2040 pelvis
1678 1979 2008 2020 concavam
2043 1960 2158 2018 cir-

433 2061 741 2118 cumfluet.

516 2152 592 2213 A.
642 2153 763 2212 Sed
792 2161 993 2211 motus
1035 2151 1195 2210 illius
1237 2149 1565 2222 circulariS,
1597 2148 1737 2228 quia
1766 2157 2070 2207 moturum
2100 2154 2162 2206 te

435 2248 584 2307 dicis
634 2248 870 2326 pelvem
915 2259 1172 2325 utraque
1224 2266 1409 2304 manu
1459 2242 1854 2316 circulariter,
1900 2241 2004 2300 ubi
2046 2241 2164 2300 erit

435 2342 756 2402 centrum?

520 2437 600 2496 B.
649 2435 984 2495 Centrum?
1090 2435 1548 2513 Inexpectatum
1603 2431 1719 2490 hoc
1777 2429 1946 2489 diois.
2043 2430 2162 2488 Re-

434 2531 703 2609 sponde-o
734 2540 958 2602 tamen,
991 2539 1202 2588 centra
1231 2537 1390 2600 sunt,
1421 2547 1542 2586 non
1576 2546 1783 2595 unum,
1815 2524 1920 2583 sed
1949 2524 2160 2602 plura;

432 2634 524 2685 tot
555 2624 736 2684 credo
759 2634 906 2703 quot
936 2633 1189 2703 possunt
1219 2624 1282 2682 in
1303 2641 1555 2700 corpore
1577 2619 1767 2699 pelvis
1792 2617 2162 2678 considerari

432 2729 680 2798 puncta,
714 2729 774 2778 et
828 2719 1020 2798 (quod
1061 2719 1357 2797 sequitur)
1410 2716 1662 2775 totidem
1714 2713 1960 2786 circelli,
1998 2713 2159 2792 iique

431 2815 592 2873 inter
623 2834 686 2873 se
718 2814 998 2892 aequales,

517 2908 596 2967 A.
644 2909 1033 2987 Descripsisti
1079 2927 1223 2986 ergo
1270 2914 1504 2965 motum
1550 2905 1740 2976 illum,
1773 2923 1954 2982 quem
1983 2911 2163 2962 vocat

434 3003 714 3062 Hobbius
745 3002 1109 3062 circularem
1138 3000 1470 3081 simplicem
1495 3022 1517 3067 ;
1562 2999 1679 3058 nisi
1710 2997 1873 3076 quod
1901 3016 2010 3075 per
2039 2996 2163 3056 cir-

433 3087 727 3157 cularem*
767 3097 1055 3176 intelligit
1111 3097 1214 3155 ille
1273 3102 1506 3154 motum
1564 3094 1626 3152 in
1685 3112 1748 3152 se
1803 3091 2163 3150 redeuntem

433 3193 781 3273 quemlibet.

520 3286 599 3345 B.
647 3285 748 3344 Sic
779 3283 1051 3362 intelligo
1077 3301 1315 3362 quoque
1348 3301 1480 3359 eg0.
1543 3279 1713 3338 Nihil
1743 3287 1834 3337 est
1864 3286 2164 3356 conceptu

431 3381 687 3440 facilius.
777 3379 1166 3457 Supponatur
1219 3395 1384 3453 ergo,
1435 3384 1506 3433 ut
1546 3374 1742 3452 jubeS,
1796 3372 1980 3431 talem
2033 3391 2163 3431 esse

432 3474 666 3535 telluris
696 3482 929 3532 motum
969 3470 1332 3530 circularem
1379 3468 1733 3549 simplicem,
1764 3466 2039 3526 naturae*
2070 3466 2161 3545 ip-

434 3571 556 3629 sius
587 3568 998 3647 congenitum.

1057 3730 1084 3758 ³*
1127 3728 1207 3777 Sic
1231 3728 1362 3775 Edit.
1395 3729 1536 3775 1668.
