2462 4120
485 335 603 388 284
1024 351 1111 393 DE
1145 352 1426 396 NATURA
1457 352 1683 397 AERIS.

565 484 644 545 B.
690 485 1060 566 Corpuscula
1111 491 1262 550 dura
1299 492 1514 570 prima,
1546 493 1789 552 fuerunt
1829 492 2084 551 fortasse
2119 492 2205 553 sic

484 589 689 639 creata
714 601 728 639 :
773 591 955 660 atque
985 583 1102 643 alia
1132 584 1377 663 quidem
1419 587 1668 664 majora,
1699 587 1817 646 alia
1846 587 2098 659 minora,
2129 588 2205 646 ab

482 672 680 732 initio.

568 766 648 825 A.
693 767 860 827 Esto.
947 769 1103 828 Nam
1136 771 1330 848 prima
1359 770 1437 829 ad
1481 773 1738 849 primam
1768 792 2010 832 causam
2040 782 2207 834 recte

482 858 844 921 referuntur.
934 862 1053 922 Sed
1094 863 1142 922 si
1183 862 1336 921 dura
1379 883 1453 922 ex
1491 865 1700 942 primis
1744 865 1910 925 duris
1943 867 2078 926 fieri
2117 866 2208 926 di-

483 963 644 1026 cant,
696 975 881 1034 quare
930 976 1053 1015 non
1102 965 1163 1015 et
1207 956 1395 1015 fluida
1439 957 1572 1016 fieri
1617 968 1836 1036 putant
1881 980 1956 1019 ex
1996 961 2208 1039 primis

481 1048 681 1108 fluidis
709 1048 729 1107 ?
773 1051 871 1109 An
895 1051 1087 1109 creari
1109 1050 1295 1109 fluida
1316 1051 1580 1110 maxima
1600 1062 1874 1129 potuere,
1899 1062 1967 1112 ut
1996 1055 2206 1128 aether,

480 1141 732 1201 minima
776 1164 899 1202 non
944 1143 1238 1222 potuere?
1338 1145 1461 1204 Qui
1513 1146 1937 1223 corpusculum
1989 1148 2209 1207 durum

482 1246 588 1294 aut
626 1236 881 1295 fluidum
924 1237 1154 1315 primus
1205 1237 1371 1311 fecit,
1401 1239 1622 1316 potuit,
1653 1239 1703 1297 si
1738 1239 2031 1313 libuisset,
2060 1241 2211 1301 illud

479 1328 691 1389 fecisse
721 1340 850 1389 tum
891 1332 1101 1408 majuS,
1133 1339 1264 1389 tum
1305 1331 1501 1391 minus
1548 1353 1908 1412 quocunque
1955 1355 2210 1414 corpore

484 1423 648 1484 dato.
740 1424 920 1484 Quod
950 1424 999 1482 si
1027 1424 1281 1483 fluidum
1327 1426 1430 1484 fiat
1474 1446 1546 1485 ex
1591 1447 1714 1486 non
1752 1427 1973 1502 fluidis,
2004 1438 2074 1488 ut
2101 1449 2210 1489 vos

486 1517 706 1591 dicitis,
739 1527 798 1576 et
829 1518 1047 1577 durum
1078 1539 1151 1577 ex
1182 1518 1349 1579 duris
1380 1529 1620 1579 tantum
1648 1542 1661 1580 ε
1694 1541 1895 1581 nonne
1936 1523 2211 1602 sequitur

481 1632 555 1671 ex
578 1612 777 1670 fluidis
800 1612 1029 1690 primiS,
1050 1632 1247 1691 neque
1270 1613 1524 1673 fluidum
1553 1615 1705 1686 fieri,
1729 1636 1926 1695 neque
1956 1616 2207 1676 durum?

563 1705 639 1765 B.
686 1707 779 1765 Ita
830 1706 1087 1765 videtur.
1200 1707 1496 1768 Quaenam
1554 1728 1700 1788 ergo
1748 1709 1884 1768 duri
1931 1719 1992 1770 et
2037 1711 2212 1771 fluidi

482 1810 623 1859 sunt
653 1800 951 1878 principia
976 1799 995 1858 ?

561 1896 642 1953 A.
691 1894 856 1955 Quid
903 1895 1067 1954 aliud
1112 1895 1250 1968 nisi,
1286 1895 1458 1955 fluidi
1508 1895 1773 1975 quidem,
1815 1898 2025 1975 quies:
2072 1899 2210 1959 duri

479 1998 701 2061 autem,
763 1998 961 2048 motus
1014 1989 1260 2067 quidam
1307 1990 1386 2049 ad
1435 1990 1605 2050 illum
1652 1992 1934 2052 effectum
1981 1994 2207 2072 produ-

480 2083 739 2142 cendum
781 2083 1079 2142 idoneus?
1168 2083 1282 2142 Per
1324 2084 1590 2162 quietem
1637 2084 1912 2164 intelligo
1953 2086 2209 2146 duarum

477 2179 740 2255 partium
783 2177 945 2236 inter
988 2196 1051 2236 se
1096 2178 1381 2256 quietem,
1413 2198 1551 2238 cum
1593 2198 1656 2238 se
1700 2189 1907 2239 mutuo
1948 2190 2210 2259 tangunt

480 2272 742 2351 quidem,
775 2271 883 2331 sed
919 2293 1044 2332 non
1091 2282 1393 2351 premunt.
1482 2273 1643 2332 Nam
1673 2284 1735 2333 et
1763 2274 1952 2334 fluida
1979 2276 2210 2335 moveri

477 2375 608 2426 tota
635 2375 910 2445 possunt,
940 2375 1179 2426 retenta
1205 2365 1544 2437 fluiditate3
1591 2378 1653 2427 et
1695 2368 1846 2428 dura
1876 2370 2208 2448 quiescere,

477 2469 548 2518 ut
577 2470 782 2520 tamen
810 2470 1015 2539 partes
1047 2481 1256 2521 eorum
1287 2472 1666 2523 moveantur.

559 2555 641 2614 B.
689 2556 826 2616 Quo
857 2566 1031 2615 motu
1061 2565 1121 2615 et
1152 2556 1498 2635 quomodo?

561 2648 640 2707 A.
688 2650 964 2728 Exempli
1010 2670 1211 2723 causa,
1243 2671 1349 2710 aer
1392 2652 1496 2730 qui
1530 2652 1767 2711 revulso
1811 2662 2051 2712 suctore
2081 2673 2210 2713 ma-

477 2743 673 2802 chinae
695 2754 913 2804 vestrae
944 2744 1276 2824 impellitur
1305 2745 1368 2803 in
1400 2745 1738 2824 cylindrum
1764 2766 2021 2820 aeneum,
2041 2756 2210 2807 totus

477 2836 719 2914 quidem
765 2857 887 2896 non
934 2847 1231 2910 movetur,
1278 2837 1384 2897 sed
1423 2838 1487 2897 in
1525 2838 1740 2898 eodem
1786 2849 1992 2899 manet
2035 2840 2206 2903 loco:

474 2950 685 2990 verum
729 2932 1041 3009 particulae
1093 2934 1221 3011 ejus
1267 2953 1494 3006 omneS,
1527 2942 1596 2993 ut
1637 2954 1859 3013 magno
1903 2943 2075 2994 motu
2117 2936 2210 2995 in-

475 3044 697 3105 gressae
727 3037 886 3098 sunt,
919 3027 1004 3086 sic
1047 3028 1232 3087 etiam
1282 3047 1504 3106 magno
1546 3038 1716 3088 motu
1755 3030 1919 3088 intus
1950 3029 2208 3102 cientur,

474 3139 869 3202 unaquaeque*
900 3122 1113 3182 contra
1156 3122 1336 3182 aliam
1378 3142 1489 3201 per
1532 3123 1692 3183 latus
1732 3123 1992 3203 cylindri
2023 3143 2212 3202 oppo-

477 3213 660 3272 situm
716 3213 1073 3292 ingressam.
1159 3217 1238 3276 Et
1282 3216 1538 3295 proinde
1590 3228 1792 3277 motus
1848 3218 2089 3277 illarum
2146 3218 2211 3278 in

475 3306 840 3365 brevissimis
888 3310 1097 3386 spatiis
1128 3318 1269 3370 sunt
1296 3310 1679 3384 velocissimi,
1711 3320 1773 3371 et
1799 3324 2050 3390 propter
2077 3332 2211 3371 mu-

475 3409 644 3459 tuam
684 3402 1129 3480 oppositionem
1175 3404 1523 3464 circulares,
1611 3406 1813 3484 Atque
1842 3405 1986 3465 hinc
2015 3406 2210 3465 mani-

476 3494 699 3554 festum
747 3506 836 3555 est
879 3498 1299 3559 vehementem
1345 3519 1474 3558 esse
1518 3500 1579 3558 in
1620 3519 1758 3559 aere
1805 3500 1892 3559 ita
1934 3509 2102 3560 moto
2148 3509 2209 3560 et

478 3590 680 3650 clauso
740 3593 1274 3670 compressionem,
1335 3603 1625 3673 quantam
1683 3594 1912 3655 scilicet
1971 3596 2206 3655 efficere
