2462 4120
681 335 1151 381 PROBLEMATA
1182 334 1505 379 PHYsmA.
1842 321 1960 377 325

221 487 343 548 nisi
379 503 489 566 per
517 483 716 561 ipsum
753 495 975 556 corpus

223 579 466 662 argenti
492 577 615 639 vivi
644 593 847 635 aerem
879 590 975 630 ur-

223 675 464 758 gentis?
582 671 755 732 Sicut
813 666 977 727 enim

225 790 406 833 omne
443 786 630 849 grave
677 761 979 842 liquidum

225 868 322 928 sui
365 865 552 946 ipsius
581 859 853 942 pondere
884 877 978 916 ae-

223 982 356 1023 rem
388 979 570 1040 quem
606 953 981 1017 descenden-

227 1057 306 1117 do
361 1054 606 1136 premit,
652 1048 982 1112 ascendere

227 1151 397 1231 cogit
442 1149 516 1225 (si
553 1148 652 1208 via
695 1145 815 1205 alia
856 1163 983 1203 non

229 1245 429 1322 detur)
450 1262 559 1323 per
595 1261 770 1302 suum
794 1238 985 1318 ipsius

229 1358 452 1419 corpus
485 1361 499 1396 ε
571 1337 662 1396 ita
742 1352 986 1414 quoque

230 1455 436 1496 aerem
507 1452 689 1512 quem
761 1429 988 1510 premit

231 1528 640 1601 ascendend0‚
661 1527 712 1587 si
741 1525 841 1586 via
870 1525 990 1584 alia

231 1645 358 1685 non
410 1624 609 1696 detur,
653 1641 764 1701 per
810 1639 988 1680 suum

230 1721 421 1800 ipsius
465 1738 685 1798 corpus
726 1716 989 1777 transire

234 1817 423 1895 cogit.
456 1813 854 1874 Manifestum
878 1812 987 1891 igi-

233 1920 337 1971 tur
359 1907 798 1988 est(supposita
815 1927 989 1966 mun-

236 2005 299 2066 di
348 2003 755 2084 plenitudine)
810 2021 990 2081 posse

234 2124 438 2165 aerem
463 2110 784 2162 externum
814 2102 891 2160 ab
924 2101 1058 2180 ipsa
1087 2102 1390 2180 gravitate
1420 2106 1661 2186 argenti
1689 2106 1815 2166 vivi
1844 2106 1984 2185 cogi

234 2200 301 2260 in
341 2199 546 2258 locum
575 2197 747 2256 illum
770 2197 932 2256 inter
955 2196 1004 2255 C
1029 2205 1092 2256 et
1121 2196 1198 2256 D.
1288 2199 1503 2279 Itaque
1532 2201 1985 2280 phaenomenon

234 2293 387 2354 illud
405 2292 831 2354 necessitatem
852 2291 1030 2351 vacui
1052 2312 1178 2351 non
1204 2292 1607 2356 demonstrat.
1674 2296 1986 2357 Quoniam

237 2399 444 2450 autem
475 2407 695 2466 corpus
735 2386 976 2465 argenti
1004 2386 1128 2446 vivi
1164 2389 1580 2466 penetrationi
1622 2411 1759 2470 quae
1797 2391 1869 2451 fit
1908 2391 1986 2451 ab

239 2504 379 2544 aere
407 2482 688 2543 nonnihil
729 2481 977 2555 resistit,
1011 2488 1073 2540 et
1102 2483 1447 2543 ascensioni
1485 2484 1730 2564 argenti
1757 2485 1882 2546 vivi
1921 2486 1987 2546 in

241 2599 384 2640 vase
430 2579 487 2638 A
531 2577 760 2637 resistit
806 2597 950 2637 aer:
998 2576 1243 2656 quando
1283 2578 1403 2638 illae
1448 2579 1585 2640 duae
1625 2580 1989 2640 resistentiae

242 2672 507 2752 aequales
537 2681 735 2746 erunt,
767 2680 915 2732 tunc
954 2673 1019 2732 in
1050 2672 1200 2732 tubo
1233 2673 1483 2734 sistetur
1512 2674 1739 2735 alicubi
1768 2695 1989 2755 argen-

243 2776 378 2828 tum
405 2767 629 2840 vivum,
660 2775 844 2846 atque
874 2768 962 2827 ibi
992 2778 1086 2827 est
1116 2768 1191 2827 D.

331 2860 413 2921 A.
460 2861 526 2921 Si
561 2862 849 2940 phialam,
880 2862 1103 2922 collum
1148 2863 1477 2924 habentem
1516 2864 1987 2944 longiusculum,

247 2954 626 3033 eandemque
672 2956 839 3015 omni
889 2976 1143 3036 corpore
1188 2967 1417 3036 praeter
1467 2979 1672 3019 aerem
1711 2978 1988 3031 vacuam,

248 3069 354 3110 ore
394 3069 592 3128 sugaS,
626 3050 1037 3130 continuoque
1083 3052 1305 3131 phialae
1337 3073 1405 3113 os
1436 3074 1611 3133 aquae
1640 3055 1988 3133 immergaS‚

247 3143 482 3203 videbis
528 3164 749 3223 aquam
789 3145 1186 3224 aliquousque
1225 3147 1556 3208 ascendere
1598 3149 1663 3208 in
1701 3149 1989 3228 phialam.

253 3239 379 3300 Qui
427 3238 561 3297 fieri
609 3238 728 3298 hoc
773 3249 998 3318 potest,
1043 3241 1162 3300 nisi
1213 3241 1447 3302 factum
1491 3243 1570 3303 sit
1608 3264 1870 3303 vacuum
1913 3243 1992 3300 ab

252 3333 574 3392 exuctione
625 3333 782 3393 aeris
832 3333 897 3393 in
948 3335 1121 3413 cujus
1171 3336 1375 3398 locum
1427 3339 1624 3417 possit
1674 3358 1832 3417 aqua
1888 3336 1993 3396 illa

253 3426 625 3487 ascendere?

341 3521 422 3580 B.
470 3520 777 3581 Concesso
806 3541 1020 3594 vacuo,
1043 3525 1314 3602 oportuit
1335 3527 1617 3605 quaedam
1645 3527 1780 3586 loca
1800 3542 1996 3583 vacua

253 3615 438 3675 fuisse
469 3614 533 3675 in
562 3615 666 3676 illo
697 3635 838 3676 aere
868 3616 1054 3678 etiam
1084 3620 1188 3697 qui
1217 3629 1350 3682 erat
1379 3622 1542 3682 intra
1561 3621 1828 3700 phialam
1852 3627 1995 3678 ante

2041 493 2154 526 CAP.
2181 491 2257 523 111.

2031 548 2272 578 ε-Ὑ-κ

2048 597 2107 633 De
2122 607 2254 633 vacuo.
