2462 4120
813 368 900 409 DE
934 369 1216 412 NATURA
1248 370 1475 414 AERIS.
1876 361 1995 426 279

356 506 438 566 A.
485 505 605 566 Sed
635 505 842 566 dixisti
871 506 1053 566 modo
1083 508 1289 585 ignem
1330 527 1458 567 esse
1496 510 1690 588 ignita
1719 532 1993 592 corpora.

275 602 485 679 Itaque
515 621 624 680 per
652 601 859 679 ignem
887 601 1177 680 intelligis
1206 621 1469 680 corpora
1512 624 1648 681 quae
1698 606 1761 664 in
1807 608 1994 687 ligno,

272 695 367 754 vel
395 695 513 754 alia
535 695 808 769 materia,
830 695 1235 755 candescente
1255 705 1317 754 et
1336 695 1724 758 calefaciente
1750 702 1994 762 candes-

273 798 421 848 cunt
464 797 524 848 et
567 789 969 849 calefaciunt:
1015 789 1104 848 ita
1137 797 1205 848 ut
1254 789 1412 868 ignis
1453 809 1574 849 non
1619 793 1696 851 sit
1731 795 1848 853 nisi
1893 797 1997 874 qui

272 903 491 962 corpus
520 883 598 943 sit
627 893 688 943 et
710 884 772 943 in
802 884 942 963 igne
973 883 1113 955 alic,
1146 883 1249 961 qui
1277 903 1485 943 rursus
1510 884 1588 944 sit
1617 886 1680 943 in
1709 887 1847 965 igne
1878 898 1995 948 ter-

268 977 374 1051 tio,
407 987 467 1038 et
497 979 668 1038 sicin
692 979 1016 1038 infinitum.
1078 979 1156 1038 Et
1185 988 1528 1057 propterea,
1549 979 1755 1058 ignem
1779 1002 1996 1060 corpus

271 1093 400 1133 esse
447 1094 484 1133 a
530 1094 783 1153 corpore
828 1075 1024 1154 ignito
1078 1073 1404 1146 diversum,
1451 1072 1619 1133 dictu
1669 1075 1999 1136 absurdum

270 1178 382 1229 est.
468 1170 627 1230 Dum
660 1171 982 1249 quaerimus
1013 1190 1159 1248 ergo
1191 1168 1337 1248 quid
1368 1169 1445 1228 sit
1474 1168 1651 1247 igniS,
1681 1189 1805 1228 non
1835 1169 2000 1229 aliud

271 1268 596 1346 quaerimus
649 1289 829 1348 quam
876 1289 1139 1341 causam,
1192 1286 1377 1346 quare
1434 1266 1690 1346 lignum,
1730 1266 1826 1325 vel
1883 1266 2000 1326 alia

264 1363 543 1437 materia,
574 1363 737 1423 lucet
768 1374 830 1422 et
855 1363 1168 1423 calefacit:
1202 1362 1264 1421 id
1294 1371 1404 1434 est,
1435 1380 1644 1420 causas
1675 1360 1999 1438 quaerimus

269 1458 420 1518 lucis
471 1467 532 1518 et
578 1459 817 1531 caloris,
864 1459 962 1518 vel
1007 1458 1211 1536 potius
1257 1457 1554 1516 sensionis
1603 1463 1847 1527 nostrae,
1881 1474 2001 1533 qua

269 1552 558 1612 lucemet
588 1554 852 1613 calorem
881 1553 1268 1632 percipimus,

356 1647 436 1707 B.
482 1649 709 1726 Negari
733 1648 849 1707 hoc
879 1646 1153 1726 profecto
1185 1667 1308 1705 non
1332 1652 1553 1724 potest.
1614 1643 1735 1703 Sed
1756 1643 1908 1703 lucis
1939 1653 2001 1703 et

270 1741 485 1802 caloris
516 1762 713 1802 causae
736 1762 894 1801 verae
927 1761 1207 1820 quaenam
1238 1739 1421 1800 sunt?

350 1836 432 1897 A.
478 1837 605 1897 Illae
656 1838 802 1915 ipsae
843 1856 991 1916 quas
1038 1836 1102 1895 in
1148 1836 1304 1895 libro
1357 1853 1447 1893 DE
1497 1850 1834 1904 CORPORE,
1866 1852 2000 1910 cap.

268 1931 452 2005 xxvii,
494 1932 570 1991 ab
621 1931 1055 2011 hypothesibus
1101 1931 1242 2004 suiS,
1295 1928 1582 1989 methodo
1623 1928 2002 1987 demonstra-

268 2026 415 2100 tiva,
444 2047 570 2087 non
601 2028 859 2088 obscure
891 2027 1187 2086 derivavit
1218 2025 1496 2085 Hobbius
1525 2049 1540 2092 ;
1586 2042 1857 2102 quasque
1899 2022 2000 2081 hic

261 2122 441 2202 (quia
485 2122 639 2182 liber
682 2124 875 2199 extat)
926 2122 1224 2182 deducere
1268 2141 1393 2180 non
1436 2130 1528 2179 est
1573 2118 1998 2178 necessarium.

270 2217 540 2278 Sufficiat
571 2218 734 2297 quod
764 2217 945 2278 modo
976 2226 1038 2276 te
1069 2216 1267 2288 docui,
1315 2216 1520 2294 ignem
1569 2233 1693 2273 non
1744 2233 1873 2272 esse
1923 2213 1999 2272 ab

266 2312 462 2390 ignito
513 2333 766 2392 corpore
813 2313 1135 2373 diversum.
1236 2311 1402 2372 Quid
1431 2321 1635 2369 autem
1668 2309 1742 2367 de
1772 2309 1999 2387 frigore

268 2417 330 2466 et
366 2407 561 2485 glacie
612 2409 947 2488 opinamini
994 2406 1146 2467 vos?
1252 2407 1418 2465 Num
1463 2405 1647 2464 etiam
1695 2403 1887 2482 frigus
1938 2411 2000 2462 et

266 2502 522 2580 glaciem
553 2504 914 2582 corpuscula
942 2503 1170 2582 putatis
1199 2500 1420 2580 frigida
1452 2509 1511 2559 et
1540 2498 1820 2578 glacialia
1848 2518 1995 2571 esse,

262 2597 330 2656 in
358 2599 615 2658 materia
642 2600 867 2678 frigida
896 2609 957 2659 et
986 2597 1226 2677 glaciali
1251 2596 1271 2655 ?

347 2692 425 2752 B.
470 2694 562 2754 De
609 2696 806 2755 causis
855 2695 1097 2773 frigoris
1144 2701 1206 2752 et
1246 2689 1464 2770 glaciei
1521 2687 1794 2747 nondum
1845 2686 1996 2744 certi

265 2787 492 2866 aliquid
529 2789 890 2850 invenimus.
983 2788 1165 2850 Quod
1215 2796 1421 2846 autem
1466 2804 1626 2862 aqua
1661 2782 1806 2842 dum
1851 2799 1995 2839 con-

263 2882 503 2960 gelatur
531 2885 756 2955 rarefit‚
789 2883 1165 2963 experientia
1184 2880 1526 2940 didicimus,

346 2976 428 3036 A.
474 2978 750 3038 Rarefit?
857 2979 1000 3038 Non
1056 2976 1351 3053 intelligo,
1462 2969 1774 3050 Siquidem
1833 2967 1994 3027 enim

263 3070 519 3130 eandem
577 3092 830 3132 numero
889 3091 1110 3150 aquam
1164 3070 1457 3147 majorem
1522 3065 1686 3124 dicas
1744 3062 1991 3140 implere

262 3163 464 3225 locum
494 3167 872 3246 congelatam
906 3186 1088 3245 quam
1126 3185 1253 3224 non
1299 3160 1702 3240 congelatam,
1728 3157 1792 3216 id
1843 3154 1991 3214 dicis

263 3260 428 3338 quod
484 3261 686 3321 animo
745 3262 1066 3339 concipere
1123 3276 1436 3336 nunquam
1491 3253 1736 3332 poteris.
1832 3250 1990 3308 Nam

260 3353 423 3413 idem
451 3375 705 3414 numero
737 3375 956 3433 corpus
987 3352 1242 3413 eandem
1291 3368 1530 3427 semper
1570 3347 1755 3405 habet
1800 3362 1988 3421 quan-

261 3446 517 3521 titatem,
549 3449 856 3520 nimirum,
881 3448 1015 3506 loco
1037 3467 1216 3525 quem
1236 3443 1465 3523 implet,
1492 3441 1601 3501 sub
1628 3453 1988 3517 quacunque

259 3541 473 3620 figura,
506 3562 743 3621 semper
790 3541 1104 3620 aequalem.
1194 3539 1300 3599 Sin
1347 3536 1501 3597 aeris
1548 3530 1875 3612 particulas
1923 3527 1987 3585 in

261 3655 478 3714 aquam
498 3637 657 3697 inter
677 3635 1121 3716 congelandum
1140 3634 1441 3712 ingressas
1466 3626 1643 3689 simul
1664 3644 1800 3685 cum
1812 3640 1986 3701 aqua,
