2462 4120
492 902 638 944 VIRO
675 903 1032 945 CLARISSIMO
1067 904 1144 944 ET
1181 904 1534 958 AMICISSIMO

395 1055 922 1127 SAMUELI
1032 1054 1622 1124 SORBERIO

663 1251 1004 1306 THOMAS
1044 1250 1358 1306 HOBBES

947 1400 1070 1442 S.D.

58 1707 276 1767 INTER
298 1707 466 1766 varia
494 1705 759 1766 ludentis
790 1715 1027 1763 naturae
1058 1703 1425 1782 spectacula,
1450 1702 1798 1763 doctissime
1824 1704 1966 1763 Sor-

57 1804 207 1877 beri,
260 1826 397 1884 quae
444 1824 555 1884 per
605 1805 905 1883 sphaeram
964 1802 1225 1862 vitream
1291 1822 1623 1862 concavam
1691 1803 1969 1862 exhibuit

58 1922 253 1983 nuper
280 1903 374 1963 vir
407 1922 632 1982 genere
672 1912 734 1963 et
762 1901 1009 1980 ingenio
1050 1900 1272 1960 nobilis
1321 1901 1384 1959 in
1417 1900 1750 1960 Academia
1806 1902 1967 1961 Lon-

60 1999 315 2074 dinensi,
362 2001 466 2061 illa
509 2001 574 2060 in
619 2000 830 2080 primis
861 1999 1213 2078 cognitione
1257 2008 1365 2058 tua
1407 1998 1596 2077 digna
1641 2010 1783 2059 sunt
1831 2021 1968 2079 qaeu

58 2099 367 2177 pertinent
395 2099 474 2159 ad
502 2109 787 2158 naturam
818 2097 975 2157 aeris
1001 2124 1015 2167 ;
1048 2097 1322 2175 adeoque
1352 2096 1431 2156 ad
1461 2107 1657 2156 artem
1688 2107 1878 2170 tuam,
1903 2099 1965 2158 in

63 2216 180 2276 qua.
217 2197 478 2271 excelliS,
517 2198 663 2258 vitae
719 2198 1024 2267 humanae,
1087 2205 1385 2275 quantum
1442 2196 1677 2274 patitur
1727 2205 1966 2268 natura,

61 2296 504 2356 conservandae.
596 2295 910 2374 Sphaeram
951 2293 1110 2353 hanc
1156 2311 1280 2352 11113
1327 2312 1467 2351 611111
1515 2301 1647 2352 1013
1685 2293 1969 2352 machina

61 2401 125 2451 et
150 2412 266 2452 usu
303 2394 432 2472 ejus
477 2394 541 2453 in
590 2393 832 2472 dialogo
873 2401 1185 2471 sequente,
1224 2403 1520 2469 quantum
1562 2391 1691 2450 sine
1726 2391 1969 2469 pictura

61 2489 251 2568 potui,
291 2489 597 2570 descripsi.
698 2491 865 2550 Inter
903 2490 1022 2549 alia
1068 2499 1275 2548 autem
1320 2489 1449 2566 ejus
1486 2489 1781 2548 miracula
1811 2489 1967 2548 scitu

65 2585 268 2664 digna,
292 2588 649 2648 commendo
681 2589 792 2649 tibi
841 2589 979 2660 1106,
1012 2587 1250 2647 63616115
1303 2586 1561 2658 011115515,
1593 2606 1784 2645 unum
1825 2606 1969 2645 con-

66 2682 486 2744 siderandum:
519 2686 681 2764 quod
704 2687 930 2746 animal
960 2686 1024 2745 in
1050 2706 1122 2746 eo
1146 2686 1468 2759 inclusum,
1492 2694 1744 2764 propter
1767 2695 1966 2744 muta-

64 2779 295 2839 tionem
314 2781 616 2859 quandam
634 2784 790 2842 aeris
809 2784 872 2842 in
892 2784 1129 2862 sphaera
1147 2784 1212 2843 in
1231 2804 1352 2862 qua
1367 2783 1702 2843 includitur
1719 2783 1966 2862 factam,

66 2877 242 2937 valde
299 2879 422 2938 cito
479 2882 792 2941 moriatur.
910 2882 1170 2942 Causam
1231 2883 1447 2942 mortis
1503 2882 1781 2961 plerique
1840 2901 1969 2940 esse

67 2976 296 3049 dicunt,
328 2977 492 3054 quod
517 2965 638 3038 ¹aer
682 2980 844 3039 intra
889 2981 1210 3059 sphaeram,
1257 3001 1376 3060 quo
1425 2980 1640 3040 vivunt
1684 2979 1970 3039 animalia

66 3074 272 3133 omnia
300 3074 518 3152 quibus
547 3086 690 3135 sunt
717 3077 1053 3156 pulmones,
1085 3088 1341 3138 exuctus
1372 3077 1469 3137 sit.
1556 3077 1687 3155 Ego
1730 3086 1965 3148 contra,

66 3191 264 3250 neque
310 3190 511 3231 aerem
559 3174 738 3251 exugi
775 3194 971 3253 posse,
1002 3195 1200 3254 neque
1229 3175 1532 3235 inclusum
1568 3174 1813 3245 animal,
1853 3172 1967 3231 etsi

68 3278 322 3329 exuctus
389 3279 565 3343 esset,
640 3279 765 3330 tam
831 3274 953 3333 cito
1020 3275 1389 3334 moriturum
1464 3293 1594 3332 esse
1664 3271 1967 3331 existimO.

67 3366 246 3427 Actio
287 3366 552 3444 quidem,
593 3387 774 3446 quam
815 3390 978 3430 mors
1029 3372 1132 3431 illa
1182 3372 1476 3451 sequitur,
1523 3369 1718 3429 videri
1761 3376 1966 3446 potest

65 3465 162 3524 vel
205 3464 399 3524 5116110
458 3465 754 3542 quaedam,
813 3476 875 3526 et
930 3478 1255 3546 propterea
1313 3466 1634 3526 exuctione
1694 3462 1966 3524 conclusi

67 3563 222 3622 aeris
277 3562 535 3622 interfici
585 3563 827 3636 animal,
875 3565 1270 3644 respiratione
1318 3565 1574 3635 sublata,
1628 3562 1722 3621 vel
1781 3559 1963 3618 etiam

67 3649 399 3740 compulsio
439 3660 596 3719 aeris
626 3661 701 3720 ab
734 3662 898 3720 omni
928 3673 1101 3740 parte
1131 3684 1338 3723 versus
1387 3673 1667 3722 centrum
1712 3658 1965 3736 sphaerae
