2462 4120
468 341 589 393 318
930 357 1397 403 PROBLEMATA
1430 362 1752 405 PHYsch.

161 509 377 543 CAP.111.
552 489 633 548 B.
683 491 748 550 Si
780 491 901 552 duo
932 495 1134 572 plana,
1167 496 1339 570 dura,
1373 499 1563 576 polita
1602 520 1882 579 corpora,
1932 509 2001 560 ut
2051 521 2213 562 mar-

173 614 375 651 Devafflm,
463 601 655 655 mora,
730 585 1111 647 collocentur
1174 609 1367 648 unum
1427 611 1611 670 supra
1666 593 1945 666 alterum,
1998 593 2086 652 ita
2143 604 2213 654 ut

463 695 675 734 eorum
742 681 1093 757 superficies
1157 702 1220 740 se
1278 693 1493 742 mutuo
1552 704 1662 762 per
1719 686 1926 744 omnia
1982 697 2214 763 puncta

463 779 695 843 exacte,
726 781 1022 849 quantum
1066 775 1200 833 fieri
1236 786 1461 852 potest,
1496 778 1900 856 contingant:
1947 779 2050 838 illa
2081 780 2211 839 sine

460 882 686 941 magna
709 865 1069 925 difficultate
1101 868 1186 926 ita
1212 869 1418 927 divelli
1441 889 1566 928 non
1590 881 1870 947 possunt,
1902 881 1972 931 ut
1994 873 2211 932 eodem

458 957 726 1017 instante
756 979 867 1037 per
906 962 1112 1019 omnia
1152 971 1386 1038 puncta
1431 962 1815 1022 dirimantur.
1902 966 2208 1025 Verunta-

458 1069 598 1109 men
628 1072 935 1112 marmora
976 1055 1207 1128 eadem,
1261 1055 1311 1113 si
1352 1057 1691 1115 communis
1743 1077 1954 1116 eorum
2002 1079 2211 1137 super-

456 1144 625 1204 ficies
656 1146 735 1204 ad
764 1147 1149 1206 horizontem
1182 1148 1474 1225 erigatur,
1507 1157 1614 1207 aut
1651 1169 1777 1207 non
1815 1150 1994 1208 valde
2032 1152 2209 1209 incli—

455 1247 678 1297 netur:
726 1240 988 1298 alterum
1019 1241 1094 1298 ab
1132 1241 1327 1300 altero
1359 1240 1665 1314 facillime,
1713 1251 1784 1301 ut
1835 1243 1971 1315 sciS,
2021 1244 2208 1302 etiam

455 1331 582 1390 solo
612 1333 884 1410 pondere
917 1334 1284 1393 dilabentur.
1373 1335 1599 1394 Nonne
1649 1356 1833 1395 causa
1883 1337 2064 1415 hujus
2117 1339 2207 1396 rei

452 1424 585 1484 haec
629 1436 755 1485 est:
814 1426 978 1504 quod
1024 1427 1258 1485 labenti
1304 1429 1596 1487 marmori
1643 1429 1917 1489 succedit
1966 1450 2090 1501 aer,
2142 1440 2206 1490 et

451 1519 734 1578 relictum
764 1520 964 1602 locum
1000 1539 1241 1598 semper
1271 1520 1487 1599 implet
1519 1521 1538 1579 Ρ

534 1612 612 1672 A.
660 1613 1027 1672 Certissime.
1106 1613 1273 1674 Quid
1304 1614 1495 1692 ergo?

533 1704 611 1764 B.
662 1706 926 1767 Quando
969 1726 1115 1765 vero
1158 1706 1374 1766 eadem
1428 1728 1550 1768 uno
1597 1709 1868 1767 instante
1916 1709 2203 1770 divellere

449 1799 707 1872 conariS,
768 1819 975 1858 nonne
1029 1800 1225 1859 multo
1273 1802 1472 1879 major
1523 1802 1612 1861 vis
1662 1802 2011 1862 adhibenda
2062 1804 2200 1863 est?

450 1892 651 1951 Quam
684 1893 761 1951 ob
794 1913 1037 1952 causam
1067 1895 1086 1952 -?

532 1986 612 2045 A.
660 1986 812 2063 EgO,
840 1995 902 2045 et
931 2006 1175 2045 mecum
1202 1995 1353 2065 puto
1385 2008 1596 2048 omnes
1620 2009 1867 2048 causam
1899 1998 2198 2063 statuunt,

446 2079 610 2157 quod
641 2080 906 2158 spatium
938 2090 1136 2140 totum
1170 2081 1333 2140 inter
1364 2082 1485 2142 duo
1505 2083 1609 2142 illa
1632 2103 1941 2142 marmora
1964 2084 2201 2144 divulsa

446 2173 626 2231 simul
655 2193 779 2232 uno
808 2174 1078 2233 instante
1109 2175 1362 2253 implere
1393 2197 1498 2236 aer
1527 2197 1653 2237 non
1681 2187 1908 2256 potest,
1937 2188 2199 2256 quanta-

448 2286 687 2344 cunque
719 2267 1033 2326 celeritate
1064 2269 1174 2326 fiat
1205 2268 1486 2329 divulsio,

526 2360 608 2419 B.
655 2362 753 2419 An
785 2362 888 2438 qui
919 2362 1118 2439 spatia
1147 2363 1211 2421 in
1242 2382 1382 2422 aere
1408 2363 1540 2422 dari
1569 2383 1763 2422 vacua
1793 2364 2193 2437 contendunt,

442 2454 506 2514 in
536 2455 640 2514 illo
670 2475 810 2514 aere
842 2456 972 2515 solo
1006 2456 1139 2515 dari
1169 2467 1397 2535 negant
1427 2458 1532 2536 qui
1560 2477 1869 2517 marmora
1903 2458 2008 2518 illa
2047 2479 2195 2519 con-

434 2549 652 2626 juncta
682 2548 1043 2608 circundat?

523 2643 606 2701 A.
654 2642 931 2715 Minime,
965 2643 1072 2702 sed
1100 2644 1327 2722 ubique
1358 2643 1750 2722 interspersa.

521 2734 600 2794 B.
641 2736 804 2794 Dum
849 2756 996 2814 ergo
1031 2737 1120 2795 illi
1165 2738 1270 2815 qui
1313 2757 1583 2796 marmor
1625 2757 1819 2795 unum
1871 2738 1948 2796 ab
1996 2739 2190 2799 altero

436 2829 798 2888 revellentes
830 2849 1035 2888 aerem
1076 2831 1508 2909 comprimunt,
1550 2839 1614 2890 et
1653 2850 1764 2908 per
1810 2851 2189 2910 consequens

435 2941 697 2981 vacuum
729 2922 1101 3000 exprimunt,
1132 2942 1394 2982 vacuum
1423 2923 1658 2982 faciunt
1697 2923 1903 2982 locum
1949 2944 2059 3002 per
2096 2945 2189 2984 re-

435 3016 777 3075 vulsionem
826 3016 1149 3075 relictum:
1203 3017 1373 3076 nulla
1424 3037 1571 3094 ergo
1622 3018 2023 3096 separationis
2071 3019 2188 3078 erit

438 3109 782 3180 difficultaS,
824 3110 1041 3168 saltem
1081 3130 1207 3169 non
1253 3111 1449 3188 major
1493 3131 1677 3189 quam
1719 3120 1811 3170 est
1864 3111 2187 3171 difficultas

437 3223 696 3281 corpora
725 3203 941 3262 eadem
971 3204 1304 3263 movendi
1290 3225 1353 3262 1n
1385 3224 1524 3263 aere
1549 3215 1872 3283 postquam
1905 3213 2186 3283 separata

432 3297 682 3357 fuerint.
729 3298 946 3375 Itaque
970 3299 1279 3375 quoniam,
1305 3318 1596 3358 concesso
1620 3319 1835 3370 vacu0,
1858 3299 2185 3358 difficultas

432 3410 740 3450 marmora
787 3391 891 3450 illa
944 3391 1271 3451 dirimendi
1322 3393 1491 3452 nulla
1541 3401 1670 3452 est:
1730 3393 2023 3471 sequitur,
2072 3412 2184 3470 per

432 3484 810 3544 difficultatis
842 3484 1302 3562 experientiam,
1335 3485 1569 3544 nullum
1603 3505 1734 3545 esse
1764 3505 2047 3544 vacuum.

512 3579 593 3638 A.
641 3579 833 3638 Recte
892 3578 1139 3656 quidem
1197 3579 1350 3638 illud
1396 3580 1602 3639 infers.
1699 3579 1922 3639 Mundi
1973 3586 2179 3639 autem
