<?xml version="1.0" encoding="UTF-8"?>
<!DOCTYPE html PUBLIC "-//W3C//DTD XHTML 1.0 Transitional//EN"
    "http://www.w3.org/TR/xhtml1/DTD/xhtml1-transitional.dtd">
<html xmlns="http://www.w3.org/1999/xhtml" xml:lang="en" lang="en">
 <head>
  <title>
</title>
<meta http-equiv="Content-Type" content="text/html;charset=utf-8" />
  <meta name='ocr-system' content='tesseract 3.04.00' />
  <meta name='ocr-capabilities' content='ocr_page ocr_carea ocr_par ocr_line ocrx_word'/>
</head>
<body>
  <div class='ocr_page' id='page_1' title='image "./operaphilosophic04hobbuoft_0282.png"; bbox 0 0 2462 4120; ppageno 0'>
   <div class='ocr_carea' id='block_1_1' title="bbox 443 342 1649 407">
    <p class='ocr_par' dir='ltr' id='par_1_1' title="bbox 443 342 1649 407">
     <span class='ocr_line' id='line_1_1' title="bbox 443 342 1649 407; baseline 0.001 -8"><span class='ocrx_word' id='word_1_1' title='bbox 443 342 565 407; x_wconf 87' lang='grc'><strong>270</strong></span> <span class='ocrx_word' id='word_1_2' title='bbox 985 358 1072 399; x_wconf 86' lang='lat' dir='ltr'><strong>DE</strong></span> <span class='ocrx_word' id='word_1_3' title='bbox 1107 359 1392 401; x_wconf 78' lang='lat' dir='ltr'>NATURA</span> <span class='ocrx_word' id='word_1_4' title='bbox 1424 359 1649 400; x_wconf 82' lang='lat' dir='ltr'><strong>AERIS.</strong></span> 
     </span>
    </p>
   </div>
   <div class='ocr_carea' id='block_1_2' title="bbox 425 495 2178 3501">
    <p class='ocr_par' dir='ltr' id='par_1_2' title="bbox 434 495 2178 1591">
     <span class='ocr_line' id='line_1_2' title="bbox 434 495 2176 576; baseline 0.002 -23"><span class='ocrx_word' id='word_1_5' title='bbox 434 496 665 573; x_wconf 88' lang='lat' dir='ltr'><strong>jacenti</strong></span> <span class='ocrx_word' id='word_1_6' title='bbox 702 495 766 554; x_wconf 89' lang='lat' dir='ltr'><strong>in</strong></span> <span class='ocrx_word' id='word_1_7' title='bbox 805 496 1022 556; x_wconf 67' lang='lat' dir='ltr'><strong>arida*</strong></span> <span class='ocrx_word' id='word_1_8' title='bbox 1056 507 1568 576; x_wconf 82' lang='lat' dir='ltr'><strong>superponeretur</strong></span> <span class='ocrx_word' id='word_1_9' title='bbox 1621 499 1766 558; x_wconf 86' lang='lat' dir='ltr'><strong>satis</strong></span> <span class='ocrx_word' id='word_1_10' title='bbox 1806 517 2029 576; x_wconf 85' lang='lat' dir='ltr'><strong>magna</strong></span> <span class='ocrx_word' id='word_1_11' title='bbox 2073 518 2176 557; x_wconf 94' lang='lat' dir='ltr'><strong>co-</strong></span> 
     </span>
     <span class='ocr_line' id='line_1_3' title="bbox 440 589 2178 671; baseline 0.002 -24"><span class='ocrx_word' id='word_1_12' title='bbox 440 589 650 647; x_wconf 88' lang='lat' dir='ltr'><strong>lumna</strong></span> <span class='ocrx_word' id='word_1_13' title='bbox 679 609 870 668; x_wconf 88' lang='lat' dir='ltr'><strong>aquae,</strong></span> <span class='ocrx_word' id='word_1_14' title='bbox 902 611 1039 669; x_wconf 80' lang='lat' dir='ltr'><strong>quae</strong></span> <span class='ocrx_word' id='word_1_15' title='bbox 1082 592 1241 650; x_wconf 89' lang='lat' dir='ltr'><strong>illius</strong></span> <span class='ocrx_word' id='word_1_16' title='bbox 1289 594 1530 670; x_wconf 83' lang='lat' dir='ltr'>corpori</span> <span class='ocrx_word' id='word_1_17' title='bbox 1581 613 1692 652; x_wconf 91' lang='lat' dir='ltr'><strong>nec</strong></span> <span class='ocrx_word' id='word_1_18' title='bbox 1725 602 2025 671; x_wconf 84' lang='lat' dir='ltr'><strong>praeterea</strong></span> <span class='ocrx_word' id='word_1_19' title='bbox 2069 591 2178 651; x_wconf 92' lang='lat' dir='ltr'><strong>ulli</strong></span> 
     </span>
     <span class='ocr_line' id='line_1_4' title="bbox 440 683 2175 764; baseline 0.003 -24"><span class='ocrx_word' id='word_1_20' title='bbox 440 683 530 740; x_wconf 91' lang='lat' dir='ltr'><strong>rei</strong></span> <span class='ocrx_word' id='word_1_21' title='bbox 558 683 940 759; x_wconf 82' lang='lat' dir='ltr'><strong>inniteretur,</strong></span> <span class='ocrx_word' id='word_1_22' title='bbox 971 685 1372 764; x_wconf 86' lang='lat' dir='ltr'><strong>proculdubio</strong></span> <span class='ocrx_word' id='word_1_23' title='bbox 1403 707 1439 745; x_wconf 85' lang='lat' dir='ltr'><strong>a</strong></span> <span class='ocrx_word' id='word_1_24' title='bbox 1468 695 1641 745; x_wconf 89' lang='lat' dir='ltr'><strong>tanto</strong></span> <span class='ocrx_word' id='word_1_25' title='bbox 1692 686 1963 764; x_wconf 90' lang='lat' dir='ltr'><strong>pondere</strong></span> <span class='ocrx_word' id='word_1_26' title='bbox 1991 686 2175 745; x_wconf 92' lang='lat' dir='ltr'><strong>homo</strong></span> 
     </span>
     <span class='ocr_line' id='line_1_5' title="bbox 443 778 2176 857; baseline 0.002 -23"><span class='ocrx_word' id='word_1_27' title='bbox 443 785 878 837; x_wconf 88' lang='lat' dir='ltr'><strong>contereretur.</strong></span> <span class='ocrx_word' id='word_1_28' title='bbox 967 779 1271 838; x_wconf 84' lang='lat' dir='ltr'><strong>Caeterum</strong></span> <span class='ocrx_word' id='word_1_29' title='bbox 1323 778 1519 836; x_wconf 87' lang='lat' dir='ltr'><strong>eidem</strong></span> <span class='ocrx_word' id='word_1_30' title='bbox 1557 779 1789 838; x_wconf 88' lang='lat' dir='ltr'><strong>homini</strong></span> <span class='ocrx_word' id='word_1_31' title='bbox 1831 779 2064 857; x_wconf 87' lang='lat' dir='ltr'><strong>jacenti</strong></span> <span class='ocrx_word' id='word_1_32' title='bbox 2112 779 2176 837; x_wconf 92' lang='lat' dir='ltr'><strong>in</strong></span> 
     </span>
     <span class='ocr_line' id='line_1_6' title="bbox 439 870 2176 950; baseline 0.002 -22"><span class='ocrx_word' id='word_1_33' title='bbox 439 870 631 929; x_wconf 90' lang='lat' dir='ltr'><strong>fundo</strong></span> <span class='ocrx_word' id='word_1_34' title='bbox 676 873 876 944; x_wconf 83' lang='lat' dir='ltr'><strong>mariS,</strong></span> <span class='ocrx_word' id='word_1_35' title='bbox 909 873 1205 931; x_wconf 79' lang='lat' dir='ltr'><strong>columnae</strong></span> <span class='ocrx_word' id='word_1_36' title='bbox 1247 871 1520 948; x_wconf 89' lang='lat' dir='ltr'><strong>ejusdem</strong></span> <span class='ocrx_word' id='word_1_37' title='bbox 1566 872 1885 930; x_wconf 88' lang='lat' dir='ltr'><strong>innitentis</strong></span> <span class='ocrx_word' id='word_1_38' title='bbox 1936 871 2176 950; x_wconf 91' lang='lat' dir='ltr'><strong>pondus</strong></span> 
     </span>
     <span class='ocr_line' id='line_1_7' title="bbox 439 964 2175 1044; baseline 0.001 -21"><span class='ocrx_word' id='word_1_39' title='bbox 439 984 564 1023; x_wconf 90' lang='lat' dir='ltr'><strong>non</strong></span> <span class='ocrx_word' id='word_1_40' title='bbox 596 965 943 1024; x_wconf 84' lang='lat' dir='ltr'><strong>sentiretur.</strong></span> <span class='ocrx_word' id='word_1_41' title='bbox 1032 966 1191 1024; x_wconf 88' lang='lat' dir='ltr'><strong>Nam</strong></span> <span class='ocrx_word' id='word_1_42' title='bbox 1222 965 1392 1023; x_wconf 90' lang='lat' dir='ltr'><strong>locus</strong></span> <span class='ocrx_word' id='word_1_43' title='bbox 1435 964 1629 1024; x_wconf 89' lang='lat' dir='ltr'><strong>omnis</strong></span> <span class='ocrx_word' id='word_1_44' title='bbox 1659 965 1722 1023; x_wconf 92' lang='lat' dir='ltr'><strong>in</strong></span> <span class='ocrx_word' id='word_1_45' title='bbox 1752 966 1949 1043; x_wconf 81' lang='lat' dir='ltr'><strong>figura</strong></span> <span class='ocrx_word' id='word_1_46' title='bbox 1979 967 2175 1044; x_wconf 89' lang='lat' dir='ltr'><strong>sphae-</strong></span> 
     </span>
     <span class='ocr_line' id='line_1_8' title="bbox 438 1058 2175 1137; baseline 0.001 -20"><span class='ocrx_word' id='word_1_47' title='bbox 438 1059 566 1118; x_wconf 87' lang='lat' dir='ltr'><strong>rica</strong></span> <span class='ocrx_word' id='word_1_48' title='bbox 614 1060 906 1132; x_wconf 81' lang='lat' dir='ltr'><strong>materiae,</strong></span> <span class='ocrx_word' id='word_1_49' title='bbox 968 1058 1356 1136; x_wconf 86' lang='lat' dir='ltr'><strong>quantumvis</strong></span> <span class='ocrx_word' id='word_1_50' title='bbox 1415 1058 1671 1130; x_wconf 82' lang='lat' dir='ltr'><strong>subtilis,</strong></span> <span class='ocrx_word' id='word_1_51' title='bbox 1730 1079 1766 1116; x_wconf 88' lang='lat' dir='ltr'><strong>a</strong></span> <span class='ocrx_word' id='word_1_52' title='bbox 1809 1067 2035 1118; x_wconf 88' lang='lat' dir='ltr'><strong>conatu</strong></span> <span class='ocrx_word' id='word_1_53' title='bbox 2099 1061 2175 1137; x_wconf 89' lang='lat' dir='ltr'><strong>(si</strong></span> 
     </span>
     <span class='ocr_line' id='line_1_9' title="bbox 439 1153 2174 1231; baseline 0.002 -20"><span class='ocrx_word' id='word_1_54' title='bbox 439 1173 620 1231; x_wconf 91' lang='lat' dir='ltr'><strong>quem</strong></span> <span class='ocrx_word' id='word_1_55' title='bbox 648 1154 896 1229; x_wconf 85' lang='lat' dir='ltr'><strong>habeat)</strong></span> <span class='ocrx_word' id='word_1_56' title='bbox 922 1174 958 1211; x_wconf 87' lang='lat' dir='ltr'><strong>a</strong></span> <span class='ocrx_word' id='word_1_57' title='bbox 981 1153 1469 1211; x_wconf 78' lang='lat' dir='ltr'><strong>circumferentia</strong></span> <span class='ocrx_word' id='word_1_58' title='bbox 1493 1153 1571 1211; x_wconf 89' lang='lat' dir='ltr'><strong>ad</strong></span> <span class='ocrx_word' id='word_1_59' title='bbox 1590 1160 1867 1210; x_wconf 88' lang='lat' dir='ltr'><strong>centrum</strong></span> <span class='ocrx_word' id='word_1_60' title='bbox 1890 1163 2174 1214; x_wconf 87' lang='lat' dir='ltr'><strong>arcuatus</strong></span> 
     </span>
     <span class='ocr_line' id='line_1_10' title="bbox 438 1246 2171 1324; baseline -0.002 -17"><span class='ocrx_word' id='word_1_61' title='bbox 438 1248 563 1307; x_wconf 91' lang='lat' dir='ltr'><strong>sive</strong></span> <span class='ocrx_word' id='word_1_62' title='bbox 586 1258 1046 1307; x_wconf 88' lang='lat' dir='ltr'><strong>concameratus</strong></span> <span class='ocrx_word' id='word_1_63' title='bbox 1077 1257 1189 1320; x_wconf 86' lang='lat' dir='ltr'><strong>est,</strong></span> <span class='ocrx_word' id='word_1_64' title='bbox 1220 1248 1309 1306; x_wconf 89' lang='lat' dir='ltr'><strong>ita</strong></span> <span class='ocrx_word' id='word_1_65' title='bbox 1339 1256 1410 1305; x_wconf 89' lang='lat' dir='ltr'><strong>ut</strong></span> <span class='ocrx_word' id='word_1_66' title='bbox 1438 1267 1561 1306; x_wconf 89' lang='lat' dir='ltr'><strong>non</strong></span> <span class='ocrx_word' id='word_1_67' title='bbox 1587 1246 1779 1324; x_wconf 85' lang='lat' dir='ltr'><strong>possit</strong></span> <span class='ocrx_word' id='word_1_68' title='bbox 1807 1265 2005 1317; x_wconf 90' lang='lat' dir='ltr'><strong>ruere,</strong></span> <span class='ocrx_word' id='word_1_69' title='bbox 2036 1265 2171 1318; x_wconf 89' lang='lat' dir='ltr'><strong>nec,</strong></span> 
     </span>
     <span class='ocr_line' id='line_1_11' title="bbox 435 1338 2174 1421; baseline -0.003 -19"><span class='ocrx_word' id='word_1_70' title='bbox 435 1362 545 1421; x_wconf 88' lang='lat' dir='ltr'><strong>per</strong></span> <span class='ocrx_word' id='word_1_71' title='bbox 575 1361 969 1420; x_wconf 80' lang='lat' dir='ltr'><strong>consequenS,</strong></span> <span class='ocrx_word' id='word_1_72' title='bbox 992 1341 1055 1399; x_wconf 92' lang='lat' dir='ltr'><strong>in</strong></span> <span class='ocrx_word' id='word_1_73' title='bbox 1085 1341 1324 1399; x_wconf 87' lang='lat' dir='ltr'><strong>ruinam</strong></span> <span class='ocrx_word' id='word_1_74' title='bbox 1353 1341 1484 1399; x_wconf 91' lang='lat' dir='ltr'><strong>niti.</strong></span> <span class='ocrx_word' id='word_1_75' title='bbox 1563 1339 1635 1398; x_wconf 92' lang='lat' dir='ltr'><strong>Id</strong></span> <span class='ocrx_word' id='word_1_76' title='bbox 1666 1338 1830 1417; x_wconf 91' lang='lat' dir='ltr'><strong>quod</strong></span> <span class='ocrx_word' id='word_1_77' title='bbox 1856 1338 2174 1417; x_wconf 90' lang='lat' dir='ltr'><strong>perspicue</strong></span> 
     </span>
     <span class='ocr_line' id='line_1_12' title="bbox 434 1431 2172 1515; baseline -0.003 -19"><span class='ocrx_word' id='word_1_78' title='bbox 434 1437 549 1496; x_wconf 92' lang='lat' dir='ltr'><strong>tibi</strong></span> <span class='ocrx_word' id='word_1_79' title='bbox 600 1437 904 1515; x_wconf 90' lang='lat' dir='ltr'><strong>descripta</strong></span> <span class='ocrx_word' id='word_1_80' title='bbox 944 1437 1160 1514; x_wconf 83' lang='lat' dir='ltr'><strong>figura,</strong></span> <span class='ocrx_word' id='word_1_81' title='bbox 1202 1435 1252 1494; x_wconf 92' lang='lat' dir='ltr'><strong>si</strong></span> <span class='ocrx_word' id='word_1_82' title='bbox 1302 1434 1462 1493; x_wconf 89' lang='lat' dir='ltr'><strong>tanti</strong></span> <span class='ocrx_word' id='word_1_83' title='bbox 1505 1453 1636 1493; x_wconf 89' lang='lat' dir='ltr'><strong>esse</strong></span> <span class='ocrx_word' id='word_1_84' title='bbox 1679 1440 1875 1511; x_wconf 83' lang='lat' dir='ltr'><strong>putaS,</strong></span> <span class='ocrx_word' id='word_1_85' title='bbox 1923 1431 2172 1492; x_wconf 89' lang='lat' dir='ltr'><strong>demon-</strong></span> 
     </span>
     <span class='ocr_line' id='line_1_13' title="bbox 435 1533 659 1591; baseline 0 -1"><span class='ocrx_word' id='word_1_86' title='bbox 435 1533 659 1591; x_wconf 89' lang='lat' dir='ltr'><strong>strabo.</strong></span> 
     </span>
    </p>

    <p class='ocr_par' dir='ltr' id='par_1_3' title="bbox 519 1623 1837 1702">
     <span class='ocr_line' id='line_1_14' title="bbox 519 1623 1837 1702; baseline -0.005 -17"><span class='ocrx_word' id='word_1_87' title='bbox 519 1626 600 1685; x_wconf 88' lang='lat' dir='ltr'><strong>B.</strong></span> <span class='ocrx_word' id='word_1_88' title='bbox 645 1625 826 1685; x_wconf 82' lang='lat' dir='ltr'><strong>Tanti</strong></span> <span class='ocrx_word' id='word_1_89' title='bbox 855 1644 984 1683; x_wconf 88' lang='lat' dir='ltr'><strong>esse</strong></span> <span class='ocrx_word' id='word_1_90' title='bbox 1013 1632 1184 1702; x_wconf 92' lang='lat' dir='ltr'><strong>put0.</strong></span> <span class='ocrx_word' id='word_1_91' title='bbox 1272 1623 1640 1682; x_wconf 85' lang='lat' dir='ltr'><strong>Demonstra</strong></span> <span class='ocrx_word' id='word_1_92' title='bbox 1671 1640 1837 1699; x_wconf 83' lang='lat' dir='ltr'><strong>ergO.</strong></span> 
     </span>
    </p>

    <p class='ocr_par' dir='ltr' id='par_1_4' title="bbox 425 1712 2174 3501">
     <span class='ocr_line' id='line_1_15' title="bbox 515 1712 2171 1794; baseline -0.004 -18"><span class='ocrx_word' id='word_1_93' title='bbox 515 1719 591 1779; x_wconf 88' lang='lat' dir='ltr'><strong>A.</strong></span> <span class='ocrx_word' id='word_1_94' title='bbox 640 1719 866 1778; x_wconf 90' lang='lat' dir='ltr'><strong>Centro</strong></span> <span class='ocrx_word' id='word_1_95' title='bbox 897 1729 1078 1778; x_wconf 82' lang='lat' dir='ltr'><strong>terrae</strong></span> <span class='ocrx_word' id='word_1_96' title='bbox 1108 1719 1182 1790; x_wconf 90' lang='lat' dir='ltr'><strong>A,</strong></span> <span class='ocrx_word' id='word_1_97' title='bbox 1213 1718 1385 1777; x_wconf 89' lang='lat' dir='ltr'><strong>radio</strong></span> <span class='ocrx_word' id='word_1_98' title='bbox 1417 1717 1553 1790; x_wconf 90' lang='lat' dir='ltr'><strong>AB,</strong></span> <span class='ocrx_word' id='word_1_99' title='bbox 1585 1723 1815 1794; x_wconf 88' lang='lat' dir='ltr'><strong>quanta</strong></span> <span class='ocrx_word' id='word_1_100' title='bbox 1859 1721 1950 1772; x_wconf 89' lang='lat' dir='ltr'><strong>est</strong></span> <span class='ocrx_word' id='word_1_101' title='bbox 1998 1712 2171 1772; x_wconf 91' lang='lat' dir='ltr'><strong>semi-</strong></span> 
     </span>
     <span class='ocr_line' id='line_1_16' title="bbox 434 1806 2170 1891; baseline -0.005 -17"><span class='ocrx_word' id='word_1_102' title='bbox 434 1814 727 1874; x_wconf 90' lang='lat' dir='ltr'><strong>diameter</strong></span> <span class='ocrx_word' id='word_1_103' title='bbox 758 1814 1198 1891; x_wconf 85' lang='lat' dir='ltr'><strong>atmosphaerae,</strong></span> <span class='ocrx_word' id='word_1_104' title='bbox 1225 1812 1605 1871; x_wconf 85' lang='lat' dir='ltr'><strong>describatur</strong></span> <span class='ocrx_word' id='word_1_105' title='bbox 1628 1808 1888 1868; x_wconf 90' lang='lat' dir='ltr'><strong>circulus</strong></span> <span class='ocrx_word' id='word_1_106' title='bbox 1909 1806 2170 1866; x_wconf 84' lang='lat' dir='ltr'><strong>BCDB.</strong></span> 
     </span>
     <span class='ocr_line' id='line_1_17' title="bbox 435 1901 2173 1988; baseline -0.004 -20"><span class='ocrx_word' id='word_1_107' title='bbox 435 1909 644 1988; x_wconf 83' lang='lat' dir='ltr'><strong>Sitque</strong></span> <span class='ocrx_word' id='word_1_108' title='bbox 695 1927 835 1986; x_wconf 87' lang='lat' dir='ltr'><strong>pars</strong></span> <span class='ocrx_word' id='word_1_109' title='bbox 886 1907 1307 1986; x_wconf 87' lang='lat' dir='ltr'><strong>atmosphaerae</strong></span> <span class='ocrx_word' id='word_1_110' title='bbox 1353 1907 1516 1965; x_wconf 87' lang='lat' dir='ltr'><strong>intra</strong></span> <span class='ocrx_word' id='word_1_111' title='bbox 1566 1913 1761 1964; x_wconf 90' lang='lat' dir='ltr'><strong>totam</strong></span> <span class='ocrx_word' id='word_1_112' title='bbox 1801 1901 2001 1981; x_wconf 87' lang='lat' dir='ltr'><strong>posita</strong></span> <span class='ocrx_word' id='word_1_113' title='bbox 2040 1902 2173 1962; x_wconf 91' lang='lat' dir='ltr'><strong>ubi-</strong></span> 
     </span>
     <span class='ocr_line' id='line_1_18' title="bbox 433 1998 2173 2081; baseline -0.005 -20"><span class='ocrx_word' id='word_1_114' title='bbox 433 2023 672 2081; x_wconf 91' lang='lat' dir='ltr'><strong>cunque</strong></span> <span class='ocrx_word' id='word_1_115' title='bbox 706 2002 820 2061; x_wconf 81' lang='lat' dir='ltr'><strong>be:</strong></span> <span class='ocrx_word' id='word_1_116' title='bbox 867 2022 1049 2081; x_wconf 90' lang='lat' dir='ltr'><strong>super</strong></span> <span class='ocrx_word' id='word_1_117' title='bbox 1091 2022 1275 2081; x_wconf 88' lang='lat' dir='ltr'><strong>quam</strong></span> <span class='ocrx_word' id='word_1_118' title='bbox 1322 2001 1567 2060; x_wconf 88' lang='lat' dir='ltr'><strong>insistat</strong></span> <span class='ocrx_word' id='word_1_119' title='bbox 1613 1998 1896 2058; x_wconf 89' lang='lat' dir='ltr'><strong>columna</strong></span> <span class='ocrx_word' id='word_1_120' title='bbox 1946 2004 2173 2055; x_wconf 86' lang='lat' dir='ltr'><strong>atmos-</strong></span> 
     </span>
     <span class='ocr_line' id='line_1_19' title="bbox 431 2091 2173 2175; baseline -0.005 -19"><span class='ocrx_word' id='word_1_121' title='bbox 431 2098 699 2175; x_wconf 86' lang='lat' dir='ltr'><strong>phaerica</strong></span> <span class='ocrx_word' id='word_1_122' title='bbox 729 2095 914 2174; x_wconf 58' lang='lat' dir='ltr'><strong>esban</strong></span> <span class='ocrx_word' id='word_1_123' title='bbox 983 2095 1138 2155; x_wconf 90' lang='lat' dir='ltr'><strong>Dico</strong></span> <span class='ocrx_word' id='word_1_124' title='bbox 1171 2096 1518 2155; x_wconf 88' lang='lat' dir='ltr'><strong>columnam</strong></span> <span class='ocrx_word' id='word_1_125' title='bbox 1546 2091 1715 2169; x_wconf 81' lang='lat' dir='ltr'><strong>efbe</strong></span> <span class='ocrx_word' id='word_1_126' title='bbox 1743 2110 1867 2150; x_wconf 91' lang='lat' dir='ltr'><strong>non</strong></span> <span class='ocrx_word' id='word_1_127' title='bbox 1897 2109 2173 2168; x_wconf 88' lang='lat' dir='ltr'><strong>premere</strong></span> 
     </span>
     <span class='ocr_line' id='line_1_20' title="bbox 431 2184 2174 2270; baseline -0.005 -19"><span class='ocrx_word' id='word_1_128' title='bbox 431 2192 731 2270; x_wconf 84' lang='lat' dir='ltr'><strong>gravitate</strong></span> <span class='ocrx_word' id='word_1_129' title='bbox 772 2210 880 2249; x_wconf 86' lang='lat' dir='ltr'><strong>sua</strong></span> <span class='ocrx_word' id='word_1_130' title='bbox 922 2199 1159 2269; x_wconf 88' lang='lat' dir='ltr'><strong>partem</strong></span> <span class='ocrx_word' id='word_1_131' title='bbox 1190 2190 1288 2250; x_wconf 80' lang='lat' dir='ltr'><strong>bc.</strong></span> <span class='ocrx_word' id='word_1_132' title='bbox 1378 2189 1538 2249; x_wconf 87' lang='lat' dir='ltr'><strong>Nam</strong></span> <span class='ocrx_word' id='word_1_133' title='bbox 1568 2186 1619 2245; x_wconf 90' lang='lat' dir='ltr'><strong>si</strong></span> <span class='ocrx_word' id='word_1_134' title='bbox 1648 2184 1890 2264; x_wconf 85' lang='lat' dir='ltr'><strong>premit,</strong></span> <span class='ocrx_word' id='word_1_135' title='bbox 1920 2193 2174 2262; x_wconf 87' lang='lat' dir='ltr'><strong>propter</strong></span> 
     </span>
     <span class='ocr_line' id='line_1_21' title="bbox 430 2278 2173 2364; baseline -0.003 -20"><span class='ocrx_word' id='word_1_136' title='bbox 430 2286 788 2364; x_wconf 85' lang='lat' dir='ltr'><strong>gravitatem</strong></span> <span class='ocrx_word' id='word_1_137' title='bbox 822 2285 1046 2364; x_wconf 90' lang='lat' dir='ltr'><strong>premit</strong></span> <span class='ocrx_word' id='word_1_138' title='bbox 1074 2286 1349 2345; x_wconf 79' lang='lat' dir='ltr'><strong>materiae</strong></span> <span class='ocrx_word' id='word_1_139' title='bbox 1379 2281 1825 2360; x_wconf 88' lang='lat' dir='ltr'><strong>atmosphaerae.</strong></span> <span class='ocrx_word' id='word_1_140' title='bbox 1901 2278 2173 2338; x_wconf 88' lang='lat' dir='ltr'><strong>Conatus</strong></span> 
     </span>
     <span class='ocr_line' id='line_1_22' title="bbox 432 2372 2172 2459; baseline -0.004 -20"><span class='ocrx_word' id='word_1_141' title='bbox 432 2381 620 2459; x_wconf 82' lang='lat' dir='ltr'><strong>igitur</strong></span> <span class='ocrx_word' id='word_1_142' title='bbox 676 2381 973 2440; x_wconf 82' lang='lat' dir='ltr'><strong>columnae</strong></span> <span class='ocrx_word' id='word_1_143' title='bbox 1032 2380 1198 2459; x_wconf 78' lang='lat' dir='ltr'><strong>esbc</strong></span> <span class='ocrx_word' id='word_1_144' title='bbox 1252 2390 1491 2459; x_wconf 90' lang='lat' dir='ltr'><strong>premet</strong></span> <span class='ocrx_word' id='word_1_145' title='bbox 1539 2384 1776 2454; x_wconf 88' lang='lat' dir='ltr'><strong>partem</strong></span> <span class='ocrx_word' id='word_1_146' title='bbox 1829 2372 1911 2432; x_wconf 82' lang='lat' dir='ltr'><strong>bc</strong></span> <span class='ocrx_word' id='word_1_147' title='bbox 1960 2386 2172 2432; x_wconf 88' lang='lat' dir='ltr'><strong>versus</strong></span> 
     </span>
     <span class='ocr_line' id='line_1_23' title="bbox 432 2470 2171 2553; baseline -0.004 -19"><span class='ocrx_word' id='word_1_148' title='bbox 432 2484 709 2535; x_wconf 90' lang='lat' dir='ltr'><strong>centrum</strong></span> <span class='ocrx_word' id='word_1_149' title='bbox 738 2474 813 2548; x_wconf 92' lang='lat' dir='ltr'><strong>A,</strong></span> <span class='ocrx_word' id='word_1_150' title='bbox 844 2474 908 2534; x_wconf 86' lang='lat' dir='ltr'><strong>id</strong></span> <span class='ocrx_word' id='word_1_151' title='bbox 947 2483 1061 2548; x_wconf 87' lang='lat' dir='ltr'><strong>est,</strong></span> <span class='ocrx_word' id='word_1_152' title='bbox 1109 2494 1218 2553; x_wconf 88' lang='lat' dir='ltr'><strong>per</strong></span> <span class='ocrx_word' id='word_1_153' title='bbox 1264 2483 1464 2533; x_wconf 88' lang='lat' dir='ltr'><strong>rectas</strong></span> <span class='ocrx_word' id='word_1_154' title='bbox 1494 2470 1614 2542; x_wconf 79' lang='lat' dir='ltr'><strong>bA,</strong></span> <span class='ocrx_word' id='word_1_155' title='bbox 1646 2470 1763 2544; x_wconf 70' lang='lat' dir='ltr'><strong>CA,</strong></span> <span class='ocrx_word' id='word_1_156' title='bbox 1813 2476 1875 2526; x_wconf 92' lang='lat' dir='ltr'><strong>et</strong></span> <span class='ocrx_word' id='word_1_157' title='bbox 1919 2474 2171 2527; x_wconf 82' lang='lat' dir='ltr'><strong>caeteras</strong></span> 
     </span>
     <span class='ocr_line' id='line_1_24' title="bbox 431 2561 2170 2642; baseline -0.004 -14"><span class='ocrx_word' id='word_1_158' title='bbox 431 2568 842 2628; x_wconf 79' lang='lat' dir='ltr'><strong>intermedias,</strong></span> <span class='ocrx_word' id='word_1_159' title='bbox 931 2568 1145 2628; x_wconf 89' lang='lat' dir='ltr'><strong>Omnis</strong></span> <span class='ocrx_word' id='word_1_160' title='bbox 1181 2570 1344 2628; x_wconf 90' lang='lat' dir='ltr'><strong>enim</strong></span> <span class='ocrx_word' id='word_1_161' title='bbox 1379 2572 1634 2627; x_wconf 84' lang='lat' dir='ltr'><strong>conatus</strong></span> <span class='ocrx_word' id='word_1_162' title='bbox 1667 2561 1939 2642; x_wconf 87' lang='lat' dir='ltr'><strong>corporis</strong></span> <span class='ocrx_word' id='word_1_163' title='bbox 1967 2562 2170 2639; x_wconf 85' lang='lat' dir='ltr'><strong>gravis</strong></span> 
     </span>
     <span class='ocr_line' id='line_1_25' title="bbox 431 2662 1500 2722; baseline -0.001 0"><span class='ocrx_word' id='word_1_164' title='bbox 431 2673 524 2722; x_wconf 89' lang='lat' dir='ltr'><strong>est</strong></span> <span class='ocrx_word' id='word_1_165' title='bbox 582 2683 618 2722; x_wconf 88' lang='lat' dir='ltr'><strong>a</strong></span> <span class='ocrx_word' id='word_1_166' title='bbox 671 2662 1162 2722; x_wconf 88' lang='lat' dir='ltr'><strong>circumferentia</strong></span> <span class='ocrx_word' id='word_1_167' title='bbox 1210 2663 1289 2722; x_wconf 87' lang='lat' dir='ltr'><strong>ad</strong></span> <span class='ocrx_word' id='word_1_168' title='bbox 1357 2682 1500 2722; x_wconf 92' lang='lat' dir='ltr'><strong>cen-</strong></span> 
     </span>
     <span class='ocr_line' id='line_1_26' title="bbox 430 2756 1500 2835; baseline 0.002 -20"><span class='ocrx_word' id='word_1_169' title='bbox 430 2767 594 2815; x_wconf 90' lang='lat' dir='ltr'><strong>trum</strong></span> <span class='ocrx_word' id='word_1_170' title='bbox 617 2766 796 2815; x_wconf 85' lang='lat' dir='ltr'><strong>terrae</strong></span> <span class='ocrx_word' id='word_1_171' title='bbox 820 2756 1230 2835; x_wconf 85' lang='lat' dir='ltr'><strong>undiquaque.</strong></span> <span class='ocrx_word' id='word_1_172' title='bbox 1292 2757 1500 2817; x_wconf 73' lang='lat' dir='ltr'><strong>Quare</strong></span> 
     </span>
     <span class='ocr_line' id='line_1_27' title="bbox 430 2849 1502 2930; baseline 0.004 -22"><span class='ocrx_word' id='word_1_173' title='bbox 430 2849 526 2925; x_wconf 81' lang='lat' dir='ltr'><strong>be,</strong></span> <span class='ocrx_word' id='word_1_174' title='bbox 596 2871 731 2929; x_wconf 84' lang='lat' dir='ltr'><strong>quae</strong></span> <span class='ocrx_word' id='word_1_175' title='bbox 794 2853 991 2929; x_wconf 85' lang='lat' dir='ltr'><strong>major</strong></span> <span class='ocrx_word' id='word_1_176' title='bbox 1041 2861 1134 2910; x_wconf 91' lang='lat' dir='ltr'><strong>est</strong></span> <span class='ocrx_word' id='word_1_177' title='bbox 1191 2872 1375 2930; x_wconf 88' lang='lat' dir='ltr'><strong>quam</strong></span> <span class='ocrx_word' id='word_1_178' title='bbox 1429 2863 1502 2912; x_wconf 93' lang='lat' dir='ltr'><strong>ut</strong></span> 
     </span>
     <span class='ocr_line' id='line_1_28' title="bbox 427 2945 1501 3026; baseline 0.003 -22"><span class='ocrx_word' id='word_1_179' title='bbox 427 2946 621 3024; x_wconf 89' lang='lat' dir='ltr'><strong>possit</strong></span> <span class='ocrx_word' id='word_1_180' title='bbox 666 2945 1034 3005; x_wconf 90' lang='lat' dir='ltr'><strong>descendere</strong></span> <span class='ocrx_word' id='word_1_181' title='bbox 1082 2946 1143 3004; x_wconf 91' lang='lat' dir='ltr'><strong>in</strong></span> <span class='ocrx_word' id='word_1_182' title='bbox 1195 2947 1501 3026; x_wconf 84' lang='lat' dir='ltr'><strong>triangulo</strong></span> 
     </span>
     <span class='ocr_line' id='line_1_29' title="bbox 429 3038 1503 3117; baseline 0.003 -19"><span class='ocrx_word' id='word_1_183' title='bbox 429 3038 594 3112; x_wconf 78' lang='lat' dir='ltr'><strong>beA,</strong></span> <span class='ocrx_word' id='word_1_184' title='bbox 618 3060 741 3098; x_wconf 88' lang='lat' dir='ltr'><strong>non</strong></span> <span class='ocrx_word' id='word_1_185' title='bbox 766 3048 967 3117; x_wconf 87' lang='lat' dir='ltr'><strong>potest</strong></span> <span class='ocrx_word' id='word_1_186' title='bbox 993 3039 1361 3100; x_wconf 92' lang='lat' dir='ltr'><strong>descendere</strong></span> <span class='ocrx_word' id='word_1_187' title='bbox 1386 3042 1503 3101; x_wconf 90' lang='lat' dir='ltr'><strong>nisi</strong></span> 
     </span>
     <span class='ocr_line' id='line_1_30' title="bbox 426 3133 1500 3213; baseline 0.002 -20"><span class='ocrx_word' id='word_1_188' title='bbox 426 3134 614 3194; x_wconf 87' lang='lat' dir='ltr'><strong>faciat</strong></span> <span class='ocrx_word' id='word_1_189' title='bbox 643 3143 841 3193; x_wconf 89' lang='lat' dir='ltr'><strong>rectas</strong></span> <span class='ocrx_word' id='word_1_190' title='bbox 874 3133 995 3207; x_wconf 82' lang='lat' dir='ltr'><strong>bA,</strong></span> <span class='ocrx_word' id='word_1_191' title='bbox 1035 3137 1136 3194; x_wconf 80' lang='lat' dir='ltr'><strong>cA</strong></span> <span class='ocrx_word' id='word_1_192' title='bbox 1166 3135 1500 3213; x_wconf 84' lang='lat' dir='ltr'><strong>divergere,</strong></span> 
     </span>
     <span class='ocr_line' id='line_1_31' title="bbox 425 3228 1504 3291; baseline 0.002 -3"><span class='ocrx_word' id='word_1_193' title='bbox 425 3238 497 3288; x_wconf 91' lang='lat' dir='ltr'><strong>ut</strong></span> <span class='ocrx_word' id='word_1_194' title='bbox 545 3229 624 3288; x_wconf 87' lang='lat' dir='ltr'><strong>sit</strong></span> <span class='ocrx_word' id='word_1_195' title='bbox 675 3228 1056 3288; x_wconf 87' lang='lat' dir='ltr'><strong>descensioni</strong></span> <span class='ocrx_word' id='word_1_196' title='bbox 1102 3230 1292 3291; x_wconf 77' lang='lat' dir='ltr'><strong>locus‚</strong></span> <span class='ocrx_word' id='word_1_197' title='bbox 1382 3231 1504 3290; x_wconf 84' lang='lat' dir='ltr'><strong>Sed</strong></span> 
     </span>
     <span class='ocr_line' id='line_1_32' title="bbox 426 3324 1505 3404; baseline 0.002 -21"><span class='ocrx_word' id='word_1_198' title='bbox 426 3324 561 3384; x_wconf 91' lang='lat' dir='ltr'><strong>fieri</strong></span> <span class='ocrx_word' id='word_1_199' title='bbox 589 3324 707 3383; x_wconf 93' lang='lat' dir='ltr'><strong>hoc</strong></span> <span class='ocrx_word' id='word_1_200' title='bbox 737 3343 861 3383; x_wconf 91' lang='lat' dir='ltr'><strong>non</strong></span> <span class='ocrx_word' id='word_1_201' title='bbox 901 3333 1120 3402; x_wconf 87' lang='lat' dir='ltr'><strong>potest,</strong></span> <span class='ocrx_word' id='word_1_202' title='bbox 1154 3325 1297 3404; x_wconf 88' lang='lat' dir='ltr'><strong>quia</strong></span> <span class='ocrx_word' id='word_1_203' title='bbox 1326 3345 1505 3386; x_wconf 86' lang='lat' dir='ltr'><strong>cona-</strong></span> 
     </span>
     <span class='ocr_line' id='line_1_33' title="bbox 426 3418 1506 3501; baseline 0.001 -23"><span class='ocrx_word' id='word_1_204' title='bbox 426 3428 525 3478; x_wconf 88' lang='lat' dir='ltr'><strong>tus</strong></span> <span class='ocrx_word' id='word_1_205' title='bbox 585 3418 1007 3496; x_wconf 87' lang='lat' dir='ltr'><strong>atmosphaerae</strong></span> <span class='ocrx_word' id='word_1_206' title='bbox 1060 3419 1124 3478; x_wconf 88' lang='lat' dir='ltr'><strong>in</strong></span> <span class='ocrx_word' id='word_1_207' title='bbox 1177 3419 1263 3479; x_wconf 78' lang='lat' dir='ltr'><strong>db</strong></span> <span class='ocrx_word' id='word_1_208' title='bbox 1305 3430 1367 3479; x_wconf 92' lang='lat' dir='ltr'><strong>et</strong></span> <span class='ocrx_word' id='word_1_209' title='bbox 1411 3441 1506 3501; x_wconf 82' lang='lat' dir='ltr'><strong>gc</strong></span> 
     </span>
    </p>
   </div>
   <div class='ocr_carea' id='block_1_3' title="bbox 1533 2719 2159 3400">
    <p class='ocr_par' dir='ltr' id='par_1_5' title="bbox 1533 2719 2159 3400">
     <span class='ocr_line' id='line_1_34' title="bbox 1533 2719 2159 3400; baseline 0 720"><span class='ocrx_word' id='word_1_210' title='bbox 1533 2719 2159 3400; x_wconf 95' lang='lat' dir='ltr'><strong> </strong></span> 
     </span>
    </p>
   </div>
   <div class='ocr_carea' id='block_1_4' title="bbox 492 3624 2052 3686">
    <p class='ocr_par' dir='ltr' id='par_1_6' title="bbox 492 3624 2052 3686">
     <span class='ocr_line' id='line_1_35' title="bbox 492 3624 2052 3686; baseline 0.002 -13"><span class='ocrx_word' id='word_1_211' title='bbox 492 3625 521 3653; x_wconf 62' lang='lat'><strong>³⁶</strong></span> <span class='ocrx_word' id='word_1_212' title='bbox 563 3624 643 3674; x_wconf 88' lang='lat' dir='ltr'><strong>Sic</strong></span> <span class='ocrx_word' id='word_1_213' title='bbox 666 3625 797 3673; x_wconf 87' lang='lat' dir='ltr'><strong>Edit.</strong></span> <span class='ocrx_word' id='word_1_214' title='bbox 830 3627 951 3674; x_wconf 88' lang='grc'>1661</span> <span class='ocrx_word' id='word_1_215' title='bbox 981 3633 1028 3674; x_wconf 88' lang='lat' dir='ltr'><strong>et</strong></span> <span class='ocrx_word' id='word_1_216' title='bbox 1057 3628 1198 3674; x_wconf 87' lang='lat'>1668.</span> <span class='ocrx_word' id='word_1_217' title='bbox 1273 3625 1447 3686; x_wconf 81' lang='lat' dir='ltr'><strong>Quaere</strong></span> <span class='ocrx_word' id='word_1_218' title='bbox 1474 3628 1571 3675; x_wconf 89' lang='lat' dir='ltr'><strong>“in</strong></span> <span class='ocrx_word' id='word_1_219' title='bbox 1595 3629 1778 3677; x_wconf 85' lang='lat' dir='ltr'><strong>aridam</strong></span> <span class='ocrx_word' id='word_1_220' title='bbox 1801 3627 2007 3675; x_wconf 81' lang='lat' dir='ltr'><strong>terram”</strong></span> <span class='ocrx_word' id='word_1_221' title='bbox 2030 3627 2052 3676; x_wconf 67' lang='grc' dir='ltr'><em>ἲ</em></span> 
     </span>
    </p>
   </div>
  </div>
 </body>
</html>
