2462 4120
758 357 1082 400 CURATIO
1118 358 1433 401 SPHAERAE.
1841 352 1950 404 501

229 505 371 561 ‘tum
415 496 490 556 ab
523 495 638 555 Am
682 506 822 555 sunt
855 497 1156 575 quinque,
1208 497 1375 573 (nam
1408 500 1518 557 Am
1562 508 1654 559 est
1698 501 1958 559 semissis

240 600 424 651 rectae
454 591 616 667 AO),
657 601 720 650 et
759 591 1122 669 quadratum
1168 592 1242 650 ab
1278 593 1371 650 Alc
1408 601 1465 651 4.
1555 594 1674 654 Sed
1709 594 1799 666 δὲ,
1834 603 1889 667 5,
1922 603 1956 653 4

228 695 383 749 ,sunt
433 685 719 744 continue
770 685 1255 763 proportionales
1300 687 1363 744 in
1414 688 1644 746 ratione
1692 696 1725 747 5
1780 689 1857 748 ad
1901 697 1959 748 4.

226 778 399 838 Nam
424 778 842 857 multiplicatis
863 778 1144 838 omnibus
1162 799 1272 857 per
1292 787 1349 851 4,
1373 780 1527 839 fiunt
1555 783 1816 856 (ratione
1839 802 1963 842 non

225 872 501 950 mutata)
531 881 630 946 25,
656 881 756 947 20,
788 879 881 946 16,
907 892 1044 952 quae
1075 882 1216 932 sunt
1247 873 1310 932 in
1343 874 1631 934 continua
1659 877 1893 935 ratione
1926 884 1959 935 5

231 967 318 1027 -ad
349 975 407 1028 4.

322 1062 522 1122 Etiam
558 1061 943 1139 (intermissis
987 1060 1298 1141 quadratis
1341 1060 1610 1136 alternis)
1641 1063 1780 1140 quia
1819 1084 1963 1142 qua-

241 1157 485 1217 dratum
514 1158 590 1217 ab
621 1158 714 1216 Ac
744 1167 834 1216 est
870 1155 924 1232 {f}
959 1156 1239 1235 quadrati
1283 1156 1359 1215 ab
1390 1177 1535 1215 arcu
1577 1156 1696 1230 ΒΟ,
1730 1167 1789 1216 et
1820 1179 1966 1236 qua-

241 1251 484 1311 dratum
515 1253 590 1311 ab
622 1251 726 1311 AZ
756 1262 848 1311 est
877 1249 940 1326 3
971 1250 1250 1329 quadrati
1293 1251 1367 1309 ab
1400 1250 1526 1322 ΑΟ,
1557 1250 1670 1310 erit
1710 1253 1965 1331 quadra-

242 1355 372 1404 tum
404 1347 480 1405 ab
516 1345 619 1405 ΑΟ
649 1346 727 1405 ad
759 1346 1126 1425 quadratum
1165 1345 1240 1406 ab
1273 1344 1395 1418 AZ,
1426 1354 1494 1403 ut
1537 1352 1614 1403 25
1657 1346 1735 1404 ad
1782 1353 1872 1417 16,
1904 1346 1966 1404 id

241 1450 354 1512 est,
385 1442 448 1499 in
481 1440 792 1519 duplicata
820 1441 1056 1499 ratione
1088 1445 1123 1497 5
1157 1439 1236 1498 ad
1266 1446 1324 1498 4.
1412 1438 1665 1510 Deinde,
1697 1439 1838 1517 quia
1866 1440 1967 1498 AZ

225 1544 332 1594 est
361 1535 608 1614 aequalis
653 1535 887 1595 semissi
919 1554 1094 1594 arcus
1127 1534 1249 1606 ΒΟ,
1282 1532 1645 1612 quadratum
1683 1535 1811 1612 ejus
1856 1535 1969 1593 erit

225 1640 459 1710 „quarta
496 1649 637 1709 pars
679 1629 962 1709 quadrati
1008 1629 1084 1688 ab
1116 1648 1261 1688 arcu
1301 1628 1424 1699 ΒΟ,
1464 1628 1528 1687 id
1569 1637 1678 1701 est,
1711 1649 1970 1707 quorum

224 1724 608 1804 „quadratum
650 1725 727 1784 ab
771 1744 916 1783 arcu
963 1723 1065 1783 ΒΟ
1106 1733 1199 1782 est
1231 1730 1330 1795 25,
1369 1742 1577 1781 eorum
1607 1723 1970 1801 quadratum

242 1820 319 1879 ab
349 1819 453 1878 AZ
483 1828 577 1879 est
606 1821 696 1886 δὲ.
788 1818 950 1879 Quia
992 1828 1198 1878 autem
1230 1817 1594 1896 quadratum
1633 1818 1708 1876 ab
1739 1818 1846 1877 ΑΟ
1877 1829 1971 1877 est

227 1912 280 1988 ,ἐξ
319 1913 592 1992 ejusdem
621 1914 902 1993 quadrati
934 1914 1010 1973 ab
1042 1933 1187 1972 arcu
1219 1912 1340 1986 ΒΟ,
1374 1911 1737 1991 quadratum
1772 1913 1846 1971 ab
1873 1912 1968 1971 hL

225 2009 356 2068 erit
382 2005 473 2084 ᾗ.
566 2009 687 2068 Sed
732 2008 1095 2088 quadratum
1140 2008 1216 2067 ab
1248 2006 1318 2066 eb
1358 2016 1447 2066 est
1491 2005 1561 2082 ᾗ.
1648 2007 1757 2065 Est
1802 2027 1968 2085 erg0‚

225 2123 469 2176 rurSUS,
501 2103 867 2181 quadratum
899 2105 974 2163 ab
1006 2104 1109 2163 AZ
1141 2102 1218 2162 ad
1243 2101 1605 2182 quadratum
1635 2102 1710 2161 ab
1742 2101 1813 2161 eb
1844 2102 1967 2160 sive

241 2197 331 2256 Ae
358 2199 420 2257 in
452 2197 762 2276 duplicata
790 2198 1028 2258 ratione
1063 2205 1096 2257 5
1129 2197 1206 2257 ad
1237 2204 1295 2256 4.
1356 2196 1514 2256 Nam
1543 2192 1638 2270 δὲ,
1673 2204 1729 2269 5,
1759 2204 1793 2255 4
1828 2205 1970 2255 sunt

225 2292 530 2351 continue
559 2292 1061 2371 proportionales,

325 2386 531 2447 Quare
562 2386 828 2446 calculus
850 2385 1267 2446 arithmeticus
1292 2383 1795 2444 demonstrationi
1823 2403 1967 2463 geo-

227 2482 513 2542 -metricae
542 2482 815 2561 proxime
844 2481 1217 2560 praecedenti
1247 2500 1370 2538 non
1401 2489 1717 2558 repugnat.

226 2642 228 2645 ,
327 2577 441 2637 Est
492 2588 697 2637 tamen
756 2577 1022 2636 calculus
1081 2577 1234 2635 alius
1293 2575 1731 2646 arithmeticus,
1787 2574 1969 2633 etiam

224 2690 440 2744 ‚verUS‚
471 2672 574 2750 qui
604 2683 923 2750 repugnat,
970 2670 1551 2730 demonstrationem
1597 2678 1801 2727 tamen
1846 2687 1968 2726 non

224 2766 520 2826 ¹destruit.
607 2766 890 2826 Procedit
933 2776 1138 2825 autem
1169 2763 1436 2824 calculus
1467 2782 1641 2841 quem
1676 2762 1831 2830 dico,
1860 2779 1969 2839 per

227 2859 555 2940 ‚Regulam
586 2859 874 2919 Auream.

236 2985 239 3019 ῑ
290 2954 602 3033 .Exempli
648 2975 868 3014 eausa:
915 2964 1229 3013 ostensum
1272 2961 1363 3011 est
1409 2951 1772 3029 quadratum
1802 2969 1837 3007 a
1867 2949 1967 3008 CG

224 3049 475 3128 2aequale
499 3069 630 3108 esse
672 3056 740 3109 10
766 3048 1079 3128 quadratis
1111 3070 1148 3108 a
1177 3047 1388 3127 quinta
1419 3055 1591 3125 parte
1622 3064 1794 3103 arcus
1826 3042 1926 3101 ΒΟ
1951 3067 1965 3109 ;

224 3154 307 3207 et
349 3154 580 3203 rectam
610 3144 729 3205 ΑΘ,
758 3144 1003 3223 duplam
1046 3163 1175 3203 esse
1228 3153 1412 3201 rectae
1443 3141 1568 3208 Ae;
1614 3148 1674 3196 et
1712 3136 1967 3215 quadra-

244 3247 376 3298 tum
407 3240 482 3298 ab
514 3240 604 3298 Ae
633 3239 864 3318 aequale
913 3259 1040 3298 esse
1074 3241 1110 3297 4
1142 3235 1453 3316 quadratis
1485 3255 1520 3292 a
1552 3233 1762 3311 quinta
1794 3239 1966 3307 parte

226 3353 421 3397 ,arcus
458 3333 601 3402 BC;
648 3345 709 3393 et
753 3333 1009 3412 proinde
1060 3332 1425 3410 quadratum
1465 3329 1538 3386 ab
1587 3325 1702 3384 ΑΘ
1742 3322 1968 3400 aequale

247 3447 378 3487 esse
431 3434 503 3487 16
560 3428 871 3506 quadratis
922 3447 958 3486 a
1009 3428 1222 3504 quinta
1271 3434 1444 3502 parte
1496 3438 1668 3480 arcus
1718 3417 1820 3475 ΒΟ
1848 3442 1863 3484 ;
1910 3426 1973 3473 et

234 3522 608 3603 quadratum
667 3523 742 3582 ab
800 3520 918 3607 ΥΟ,
975 3519 1207 3598 aequale
1267 3537 1395 3577 esse
1444 3523 1480 3575 8
1532 3511 1837 3591 quadratis
1895 3510 1969 3568 ab

2029 521 2175 554 PROP.
2204 521 2250 552 X.

2025 577 2261 606 κ-Ὓ--κ
