2462 4120
510 374 632 426 436
751 383 839 424 DE
874 383 1255 425 PRINCIPIIS
1291 383 1374 424 ET
1407 382 2008 424 RATIOCINATIONE

193 547 305 579 CAP.
331 545 457 577 xvn.
515 523 699 602 duplo
730 523 1025 582 minorem
1055 542 1187 582 esse
1218 522 1455 581 ratione
1490 530 1510 582 l
1542 523 1621 582 ad
1653 530 1709 595 3,
1733 530 2058 601 propterea
2078 520 2241 600 quod

183 652 387 698 Responsio
407 651 454 685 „d
516 628 659 678 sunt
716 618 911 677 ambae
968 618 1236 677 rationes
1295 616 1587 676 defectus
1697 617 2002 678 Quoniam
2052 615 2243 693 igitur

185 707 469 796 giff‘ffiffvguffi
515 712 670 772 ratio
711 721 725 771 l
764 712 842 771 ad
873 718 911 771 9
953 712 1137 791 duplo
1183 712 1384 771 minor
1427 723 1521 771 est
1568 731 1750 790 quam
1795 711 1953 770 ratio
1994 719 2016 769 l
2054 709 2135 769 ad
2184 716 2242 781 3,

515 806 909 865 manifestum
962 815 1055 866 est
1098 807 1399 865 rationem
1437 814 1461 865 1
1508 805 1588 865 ἃᾶ
1627 813 1663 864 3
1714 805 1899 884 duplo
1953 805 2245 883 majorem

519 921 651 960 esse
681 921 861 979 quam
892 901 1048 959 ratio
1087 908 1110 959 l
1149 899 1227 959 ad
1257 907 1315 958 9.

605 995 720 1054 His
750 994 1097 1066 intellectiS,
1130 991 1576 1052 ostendendum
1601 1000 1691 1051 est
1727 991 2030 1069 quomodo
2059 990 2123 1049 in
2153 990 2248 1049 his

518 1088 786 1148 numeris
819 1096 868 1147 1.
903 1094 1180 1159 100.10.,
1217 1086 1373 1146 ratio
1422 1093 1439 1144 1
1495 1085 1574 1143 ἃᾶ
1631 1092 1701 1146 10
1743 1086 2129 1164 componitur
2174 1104 2250 1144 ex

519 1183 858 1243 rationibus
898 1190 918 1241 1
957 1182 1036 1241 ad
1074 1188 1187 1241 100
1219 1191 1280 1240 61;
1318 1187 1433 1240 100
1464 1179 1543 1238 ad
1580 1186 1672 1239 10.

606 1277 912 1343 Quoniam
943 1275 1106 1334 enim
1149 1274 1417 1334 rationes
1457 1279 1570 1334 100
1601 1273 1680 1332 ad
1717 1280 1790 1333 10
1821 1281 1882 1332 et
1918 1280 1991 1333 10
2021 1273 2101 1332 ἃᾶ
2138 1278 2252 1332 100

522 1371 702 1432 simul
743 1370 969 1430 additae
1008 1369 1242 1429 faciunt
1288 1367 1589 1427 rationem
1631 1366 2017 1445 aequalitatis,
2050 1366 2115 1426 id
2143 1375 2255 1438 est,

523 1466 718 1526 altera
746 1464 994 1524 alterius
1025 1463 1429 1542 quantitatem
1460 1462 1784 1540 extinguit,
1815 1461 2073 1521 restabit
2101 1461 2257 1519 ratio

531 1568 556 1619 l
588 1559 666 1618 ad
706 1567 776 1619 lO
805 1579 916 1637 pro
962 1578 1198 1617 summa
1238 1557 1542 1616 rationum
1580 1565 1602 1615 l
1653 1556 1731 1615 ad
1770 1562 1883 1616 100
1924 1565 1987 1615 61;
2028 1561 2140 1615 100
2180 1553 2260 1613 ἃᾶ

534 1661 642 1713 1οε
692 1663 757 1711 ut
789 1652 890 1730 qui
938 1671 1125 1711 unum
1169 1651 1408 1711 dederit
1450 1651 1683 1711 carenti
1725 1650 1981 1724 duobuS,
2011 1648 2161 1709 facit
2188 1657 2260 1708 ut

529 1756 734 1807 careat
763 1746 1190 1806 tantummodo
1221 1766 1365 1806 uno.

611 1841 816 1919 Atque
844 1841 961 1899 hoc
992 1851 1206 1900 exacte
1237 1840 1522 1900 convenit
1552 1860 1690 1898 cum
1721 1838 1857 1898 Def.
1885 1847 1940 1898 5.
1966 1838 2156 1897 Elem.
2181 1835 2263 1896 vi.

530 1935 691 1994 Nam
721 1934 1154 1994 antecedentes
1184 1935 1491 1994 rationum
1523 1941 1545 1993 1
1576 1933 1655 1992 ἃᾶ
1687 1939 1799 1993 100
1825 1942 1888 1992 et
1926 1939 2038 1992 100
2062 1931 2142 1991 ἃᾶ
2171 1937 2264 2003 10,

531 2039 674 2089 sunt
729 2038 747 2089 l
808 2039 870 2089 et
928 2036 1076 2089 100:
1123 2038 1569 2107 consequentes
1620 2035 1824 2086 autem
1879 2033 1993 2087 100
2039 2025 2118 2085 ad
2171 2033 2266 2084 10.

533 2123 980 2184 Antecedentes
1009 2123 1073 2182 in
1103 2143 1166 2182 se
1196 2122 1614 2201 multiplicatae
1643 2120 1876 2180 faciunt
1914 2126 2027 2180 100
2062 2142 2076 2178 :
2121 2139 2267 2178 con-

536 2227 858 2295 sequentes
889 2226 1095 2277 autem
1137 2217 1556 2295 multiplicatae
1597 2215 1661 2274 in
1696 2235 1758 2274 se
1797 2214 2032 2274 faciunt
2073 2220 2267 2273 1000:

537 2311 645 2371 sed
674 2312 832 2370 ratio
871 2317 984 2371 100
1016 2310 1095 2370 ad
1127 2317 1282 2370 1000
1307 2310 1519 2369 eadem
1551 2317 1643 2368 est
1673 2329 1811 2367 cum
1841 2308 2075 2367 ratione
2105 2326 2270 2366 com-

536 2407 735 2486 posita
768 2413 790 2465 l
829 2405 908 2465 ad
948 2412 1037 2466 10.
1107 2405 1515 2483 Componitur
1545 2423 1691 2480 ergo
1722 2403 1810 2461 ita
1832 2402 1989 2460 ratio
2028 2408 2051 2460 1
2089 2400 2169 2459 ἃᾶ
2198 2406 2270 2459 10

540 2520 616 2560 ex
659 2500 998 2559 rationibus
1037 2505 1063 2558 l
1115 2499 1194 2558 ad
1247 2506 1362 2559 100
1404 2507 1465 2557 et
1516 2504 1630 2557 100
1676 2496 1754 2555 ἃᾶ
1814 2503 1904 2568 10,
1952 2503 2022 2554 ut
2066 2502 2272 2573 partes

542 2603 978 2673 componentes
1011 2593 1134 2652 sint
1162 2612 1303 2651 vere
1349 2601 1555 2670 partes
1602 2589 1855 2649 rationis
1898 2587 2272 2666 compositae.

546 2687 668 2748 Sed
697 2687 965 2746 rationes
1004 2695 1027 2745 1
1065 2686 1143 2745 ἃᾶ
1181 2693 1295 2746 100
1327 2695 1390 2744 et
1418 2688 1534 2745 100
1559 2685 1638 2743 ad
1665 2691 1735 2744 lO
1759 2703 1882 2742 non
1907 2693 2048 2742 sunt
2071 2691 2276 2761 partes

546 2781 819 2862 ejusdem
870 2780 1124 2839 rationis
1173 2779 1526 2858 compositae
1567 2787 1586 2838 l
1625 2778 1704 2837 ad
1752 2785 1858 2837 10:
1903 2796 2103 2855 neque
2147 2794 2277 2834 esse

547 2883 821 2956 possunt,
855 2895 994 2933 cum
1026 2874 1147 2934 sint
1177 2873 1400 2933 diversi
1428 2872 1666 2951 generis
1696 2871 1980 2930 rationes

630 2969 816 3028 Vides
846 2962 991 3046 ergo
1022 2968 1321 3027 rationem
1354 2967 1725 3046 duplicatam
1766 2965 2013 3043 duplam
2043 2981 2281 3041 quoque

553 3083 702 3135 esse,
733 3063 851 3122 hoc
895 3072 989 3120 est
1032 3061 1217 3139 duplo
1247 3062 1538 3139 majorem
1570 3079 1700 3119 esse
1739 3059 1976 3118 ratione
2006 3077 2142 3135 quae
2171 3056 2282 3115 du-

553 3157 766 3239 plicari
807 3155 1049 3215 dicitur.
1139 3156 1223 3214 Ut
1270 3156 1333 3214 in
1379 3154 1593 3214 iisdem
1638 3151 2195 3233 proportionalibus
2231 3157 2282 3222 l,

563 3257 819 3326 10,100,
852 3250 1009 3309 ratio
1041 3249 1315 3309 defectus
1355 3258 1376 3309 1
1416 3249 1495 3307 ἃᾶ
1534 3255 1668 3320 100,
1702 3247 2010 3326 duplicata
2054 3254 2146 3304 est
2188 3263 2285 3302 ra-

555 3346 741 3407 tionis
790 3344 1061 3404 defectus
1115 3350 1187 3404 10
1235 3343 1311 3402 ἃᾶ
1362 3350 1474 3404 100
1529 3342 1863 3420 (duplicata
1907 3339 2137 3399 scilicet
2183 3337 2286 3396 de-

556 3442 753 3501 fectus
794 3437 1094 3515 ratione):
1140 3447 1201 3496 et
1244 3446 1569 3515 propterea
1612 3436 1794 3495 etiam
1845 3433 2028 3512 duplo
2075 3432 2289 3510 major,

561 3536 703 3615 quia
731 3533 989 3593 sublatio
1021 3532 1294 3591 defectus
1325 3532 1727 3610 quantitatem
1757 3537 1957 3607 auget.

645 3627 970 3689 Manifeste
1001 3627 1144 3688 hinc
1168 3627 1442 3705 sequitur
1463 3626 1776 3687 theorema
1798 3624 1914 3683 hoc
1932 3619 2290 3682 universale.
