<?xml version="1.0" encoding="UTF-8"?>
<!DOCTYPE html PUBLIC "-//W3C//DTD XHTML 1.0 Transitional//EN"
    "http://www.w3.org/TR/xhtml1/DTD/xhtml1-transitional.dtd">
<html xmlns="http://www.w3.org/1999/xhtml" xml:lang="en" lang="en">
 <head>
  <title>
</title>
<meta http-equiv="Content-Type" content="text/html;charset=utf-8" />
  <meta name='ocr-system' content='tesseract 3.04.00' />
  <meta name='ocr-capabilities' content='ocr_page ocr_carea ocr_par ocr_line ocrx_word'/>
</head>
<body>
  <div class='ocr_page' id='page_1' title='image "./operaphilosophic04hobbuoft_0352.png"; bbox 0 0 2462 4120; ppageno 0'>
   <div class='ocr_carea' id='block_1_1' title="bbox 590 375 1857 428">
    <p class='ocr_par' dir='ltr' id='par_1_1' title="bbox 590 375 1857 428">
     <span class='ocr_line' id='line_1_1' title="bbox 590 375 1857 428; baseline -0.002 -1"><span class='ocrx_word' id='word_1_1' title='bbox 590 375 712 428; x_wconf 87' lang='grc'>340</span> <span class='ocrx_word' id='word_1_2' title='bbox 1048 384 1507 428; x_wconf 84' lang='lat' dir='ltr'><strong>PROBLEMATA</strong></span> <span class='ocrx_word' id='word_1_3' title='bbox 1541 385 1857 426; x_wconf 82' lang='lat' dir='ltr'>PHYSICA.</span> 
     </span>
    </p>
   </div>
   <div class='ocr_carea' id='block_1_2' title="bbox 307 521 2363 3514">
    <p class='ocr_par' dir='ltr' id='par_1_2' title="bbox 307 521 2315 602">
     <span class='ocr_line' id='line_1_2' title="bbox 307 521 2315 602; baseline 0.001 -24"><span class='ocrx_word' id='word_1_4' title='bbox 307 547 419 578; x_wconf 82' lang='lat' dir='ltr'>CAP.</span> <span class='ocrx_word' id='word_1_5' title='bbox 448 547 494 578; x_wconf 90' lang='lat' dir='ltr'>v.</span> <span class='ocrx_word' id='word_1_6' title='bbox 592 543 811 602; x_wconf 91' lang='lat' dir='ltr'>quores</span> <span class='ocrx_word' id='word_1_7' title='bbox 842 531 906 582; x_wconf 92' lang='lat' dir='ltr'>et</span> <span class='ocrx_word' id='word_1_8' title='bbox 930 526 1095 585; x_wconf 88' lang='lat' dir='ltr'>succi</span> <span class='ocrx_word' id='word_1_9' title='bbox 1120 525 1341 584; x_wconf 88' lang='lat' dir='ltr'>diversi</span> <span class='ocrx_word' id='word_1_10' title='bbox 1362 523 1466 600; x_wconf 89' lang='lat' dir='ltr'>qui</span> <span class='ocrx_word' id='word_1_11' title='bbox 1489 522 1760 582; x_wconf 88' lang='lat' dir='ltr'>indurari</span> <span class='ocrx_word' id='word_1_12' title='bbox 1782 531 2055 602; x_wconf 82' lang='lat' dir='ltr'>possunt.</span> <span class='ocrx_word' id='word_1_13' title='bbox 2120 521 2315 581; x_wconf 85' lang='lat' dir='ltr'>Causa</span> 
     </span>
    </p>

    <p class='ocr_par' dir='ltr' id='par_1_3' title="bbox 311 616 2363 696">
     <span class='ocr_line' id='line_1_3' title="bbox 311 616 2363 696; baseline -0.001 -20"><span class='ocrx_word' id='word_1_14' title='bbox 311 652 479 686; x_wconf 62' lang='lat' dir='ltr'>nedum</span> <span class='ocrx_word' id='word_1_15' title='bbox 593 627 798 676; x_wconf 91' lang='lat' dir='ltr'>autem</span> <span class='ocrx_word' id='word_1_16' title='bbox 844 638 979 696; x_wconf 86' lang='lat' dir='ltr'>quae</span> <span class='ocrx_word' id='word_1_17' title='bbox 1023 638 1099 678; x_wconf 93' lang='lat' dir='ltr'>ex</span> <span class='ocrx_word' id='word_1_18' title='bbox 1141 638 1264 678; x_wconf 91' lang='lat' dir='ltr'>non</span> <span class='ocrx_word' id='word_1_19' title='bbox 1313 617 1479 676; x_wconf 90' lang='lat' dir='ltr'>duris</span> <span class='ocrx_word' id='word_1_20' title='bbox 1524 617 1675 676; x_wconf 91' lang='lat' dir='ltr'>dura</span> <span class='ocrx_word' id='word_1_21' title='bbox 1717 618 1902 676; x_wconf 90' lang='lat' dir='ltr'>efficit</span> <span class='ocrx_word' id='word_1_22' title='bbox 1939 616 2315 688; x_wconf 79' lang='lat' dir='ltr'>universaliS,</span> <span class='ocrx_word' id='word_1_23' title='bbox 2359 680 2363 684; x_wconf 23' lang='lat'><strong>⁴</strong></span> 
     </span>
    </p>

    <p class='ocr_par' dir='ltr' id='par_1_4' title="bbox 320 705 2320 1240">
     <span class='ocr_line' id='line_1_4' title="bbox 320 705 2316 790; baseline -0.002 -20"><span class='ocrx_word' id='word_1_24' title='bbox 320 705 485 740; x_wconf 54' lang='lat' dir='ltr'><strong>‘mmm&#39;</strong></span> <span class='ocrx_word' id='word_1_25' title='bbox 593 711 712 770; x_wconf 88' lang='lat' dir='ltr'>alia</span> <span class='ocrx_word' id='word_1_26' title='bbox 752 721 902 790; x_wconf 93' lang='lat' dir='ltr'>puto</span> <span class='ocrx_word' id='word_1_27' title='bbox 946 731 1075 771; x_wconf 92' lang='lat' dir='ltr'>esse</span> <span class='ocrx_word' id='word_1_28' title='bbox 1122 732 1244 770; x_wconf 94' lang='lat' dir='ltr'>non</span> <span class='ocrx_word' id='word_1_29' title='bbox 1285 719 1487 788; x_wconf 91' lang='lat' dir='ltr'>potest</span> <span class='ocrx_word' id='word_1_30' title='bbox 1518 719 1741 788; x_wconf 80' lang='lat' dir='ltr'>praeter</span> <span class='ocrx_word' id='word_1_31' title='bbox 1770 720 2004 770; x_wconf 90' lang='lat' dir='ltr'>motum</span> <span class='ocrx_word' id='word_1_32' title='bbox 2035 709 2316 787; x_wconf 83' lang='lat' dir='ltr'>aliquem,</span> 
     </span>
     <span class='ocr_line' id='line_1_5' title="bbox 592 803 2320 883; baseline -0.001 -20"><span class='ocrx_word' id='word_1_33' title='bbox 592 825 718 863; x_wconf 93' lang='lat' dir='ltr'>non</span> <span class='ocrx_word' id='word_1_34' title='bbox 747 805 954 878; x_wconf 85' lang='lat' dir='ltr'>totius,</span> <span class='ocrx_word' id='word_1_35' title='bbox 979 805 1085 864; x_wconf 94' lang='lat' dir='ltr'>sed</span> <span class='ocrx_word' id='word_1_36' title='bbox 1108 805 1375 883; x_wconf 91' lang='lat' dir='ltr'>partium</span> <span class='ocrx_word' id='word_1_37' title='bbox 1404 804 1810 878; x_wconf 88' lang='lat' dir='ltr'>minimarum,</span> <span class='ocrx_word' id='word_1_38' title='bbox 1832 813 1893 864; x_wconf 91' lang='lat' dir='ltr'>et</span> <span class='ocrx_word' id='word_1_39' title='bbox 1921 805 2091 863; x_wconf 90' lang='lat' dir='ltr'>illum</span> <span class='ocrx_word' id='word_1_40' title='bbox 2121 803 2320 882; x_wconf 90' lang='lat' dir='ltr'>ipsum</span> 
     </span>
     <span class='ocr_line' id='line_1_6' title="bbox 594 897 2320 976; baseline -0.002 -19"><span class='ocrx_word' id='word_1_41' title='bbox 594 918 774 976; x_wconf 92' lang='lat' dir='ltr'>quem</span> <span class='ocrx_word' id='word_1_42' title='bbox 798 898 941 958; x_wconf 85' lang='lat' dir='ltr'>dixi.</span> <span class='ocrx_word' id='word_1_43' title='bbox 1018 898 1200 965; x_wconf 83' lang='lat' dir='ltr'>Quod</span> <span class='ocrx_word' id='word_1_44' title='bbox 1231 898 1281 956; x_wconf 92' lang='lat' dir='ltr'>si</span> <span class='ocrx_word' id='word_1_45' title='bbox 1313 897 1447 975; x_wconf 92' lang='lat' dir='ltr'>quis</span> <span class='ocrx_word' id='word_1_46' title='bbox 1477 907 1712 956; x_wconf 90' lang='lat' dir='ltr'>motum</span> <span class='ocrx_word' id='word_1_47' title='bbox 1743 899 1927 956; x_wconf 90' lang='lat' dir='ltr'>alium</span> <span class='ocrx_word' id='word_1_48' title='bbox 1952 898 2129 974; x_wconf 87' lang='lat' dir='ltr'>(nihil</span> <span class='ocrx_word' id='word_1_49' title='bbox 2158 897 2320 956; x_wconf 91' lang='lat' dir='ltr'>enim</span> 
     </span>
     <span class='ocr_line' id='line_1_7' title="bbox 592 990 2320 1069; baseline -0.002 -18"><span class='ocrx_word' id='word_1_50' title='bbox 592 1001 866 1051; x_wconf 89' lang='lat' dir='ltr'>mutatur</span> <span class='ocrx_word' id='word_1_51' title='bbox 894 993 1013 1051; x_wconf 91' lang='lat' dir='ltr'>nisi</span> <span class='ocrx_word' id='word_1_52' title='bbox 1042 1011 1150 1069; x_wconf 91' lang='lat' dir='ltr'>per</span> <span class='ocrx_word' id='word_1_53' title='bbox 1178 990 1437 1066; x_wconf 89' lang='lat' dir='ltr'>motum)</span> <span class='ocrx_word' id='word_1_54' title='bbox 1483 990 1563 1050; x_wconf 89' lang='lat' dir='ltr'>ad</span> <span class='ocrx_word' id='word_1_55' title='bbox 1591 992 1754 1050; x_wconf 91' lang='lat' dir='ltr'>hunc</span> <span class='ocrx_word' id='word_1_56' title='bbox 1784 993 2066 1050; x_wconf 87' lang='lat' dir='ltr'>effectum</span> <span class='ocrx_word' id='word_1_57' title='bbox 2095 990 2320 1069; x_wconf 91' lang='lat' dir='ltr'>produ-</span> 
     </span>
     <span class='ocr_line' id='line_1_8' title="bbox 595 1083 2319 1163; baseline -0.003 -18"><span class='ocrx_word' id='word_1_58' title='bbox 595 1086 858 1146; x_wconf 92' lang='lat' dir='ltr'>cendum</span> <span class='ocrx_word' id='word_1_59' title='bbox 909 1084 1345 1163; x_wconf 81' lang='lat' dir='ltr'>excogitaverit</span> <span class='ocrx_word' id='word_1_60' title='bbox 1392 1083 1710 1162; x_wconf 85' lang='lat' dir='ltr'>aptiorem,</span> <span class='ocrx_word' id='word_1_61' title='bbox 1754 1095 1814 1144; x_wconf 93' lang='lat' dir='ltr'>et</span> <span class='ocrx_word' id='word_1_62' title='bbox 1860 1084 2319 1144; x_wconf 82' lang='lat' dir='ltr'>monstraverit:</span> 
     </span>
     <span class='ocr_line' id='line_1_9' title="bbox 596 1178 1823 1240; baseline -0.002 0"><span class='ocrx_word' id='word_1_63' title='bbox 596 1181 674 1240; x_wconf 89' lang='lat' dir='ltr'>ad</span> <span class='ocrx_word' id='word_1_64' title='bbox 703 1181 863 1239; x_wconf 90' lang='lat' dir='ltr'>illius</span> <span class='ocrx_word' id='word_1_65' title='bbox 894 1179 1259 1239; x_wconf 90' lang='lat' dir='ltr'>sententiam</span> <span class='ocrx_word' id='word_1_66' title='bbox 1289 1178 1485 1237; x_wconf 90' lang='lat' dir='ltr'>libens</span> <span class='ocrx_word' id='word_1_67' title='bbox 1516 1179 1823 1238; x_wconf 86' lang='lat' dir='ltr'>accedam.</span> 
     </span>
    </p>

    <p class='ocr_par' dir='ltr' id='par_1_5' title="bbox 595 1272 2324 1522">
     <span class='ocr_line' id='line_1_10' title="bbox 678 1272 2323 1352; baseline -0.001 -21"><span class='ocrx_word' id='word_1_68' title='bbox 678 1273 755 1335; x_wconf 90' lang='lat' dir='ltr'>A.</span> <span class='ocrx_word' id='word_1_69' title='bbox 803 1275 1038 1334; x_wconf 87' lang='lat' dir='ltr'>Scimus</span> <span class='ocrx_word' id='word_1_70' title='bbox 1082 1293 1302 1352; x_wconf 88' lang='lat' dir='ltr'>aquam</span> <span class='ocrx_word' id='word_1_71' title='bbox 1346 1272 1734 1331; x_wconf 90' lang='lat' dir='ltr'>indurescere</span> <span class='ocrx_word' id='word_1_72' title='bbox 1779 1273 1964 1331; x_wconf 85' lang='lat' dir='ltr'>etiam</span> <span class='ocrx_word' id='word_1_73' title='bbox 1995 1272 2228 1343; x_wconf 87' lang='lat' dir='ltr'>oceani,</span> <span class='ocrx_word' id='word_1_74' title='bbox 2258 1272 2323 1330; x_wconf 91' lang='lat' dir='ltr'>in</span> 
     </span>
     <span class='ocr_line' id='line_1_11' title="bbox 595 1365 2324 1448; baseline -0.003 -20"><span class='ocrx_word' id='word_1_75' title='bbox 595 1369 871 1448; x_wconf 88' lang='lat' dir='ltr'>partibus</span> <span class='ocrx_word' id='word_1_76' title='bbox 899 1387 1025 1427; x_wconf 95' lang='lat' dir='ltr'>non</span> <span class='ocrx_word' id='word_1_77' title='bbox 1052 1367 1307 1426; x_wconf 89' lang='lat' dir='ltr'>nimium</span> <span class='ocrx_word' id='word_1_78' title='bbox 1337 1366 1586 1425; x_wconf 89' lang='lat' dir='ltr'>remotis</span> <span class='ocrx_word' id='word_1_79' title='bbox 1611 1387 1648 1425; x_wconf 95' lang='lat' dir='ltr'>a</span> <span class='ocrx_word' id='word_1_80' title='bbox 1671 1366 1883 1425; x_wconf 90' lang='lat' dir='ltr'>mundi</span> <span class='ocrx_word' id='word_1_81' title='bbox 1904 1366 2079 1446; x_wconf 81' lang='lat' dir='ltr'>poliS.</span> <span class='ocrx_word' id='word_1_82' title='bbox 2146 1365 2324 1426; x_wconf 90' lang='lat' dir='ltr'>Unde</span> 
     </span>
     <span class='ocr_line' id='line_1_12' title="bbox 599 1463 722 1522; baseline -0.008 0"><span class='ocrx_word' id='word_1_83' title='bbox 599 1463 722 1522; x_wconf 87' lang='lat' dir='ltr'>sit?</span> 
     </span>
    </p>

    <p class='ocr_par' dir='ltr' id='par_1_6' title="bbox 597 1553 2336 2742">
     <span class='ocr_line' id='line_1_13' title="bbox 679 1553 2326 1633; baseline -0.002 -19"><span class='ocrx_word' id='word_1_84' title='bbox 679 1555 762 1614; x_wconf 90' lang='lat' dir='ltr'>B.</span> <span class='ocrx_word' id='word_1_85' title='bbox 808 1553 989 1613; x_wconf 90' lang='lat' dir='ltr'>Nosti</span> <span class='ocrx_word' id='word_1_86' title='bbox 1037 1553 1226 1612; x_wconf 93' lang='lat' dir='ltr'>solem</span> <span class='ocrx_word' id='word_1_87' title='bbox 1267 1554 1497 1613; x_wconf 88' lang='lat' dir='ltr'>versari</span> <span class='ocrx_word' id='word_1_88' title='bbox 1543 1573 1782 1633; x_wconf 90' lang='lat' dir='ltr'>semper</span> <span class='ocrx_word' id='word_1_89' title='bbox 1829 1553 1994 1612; x_wconf 90' lang='lat' dir='ltr'>intra</span> <span class='ocrx_word' id='word_1_90' title='bbox 2038 1553 2326 1631; x_wconf 79' lang='lat' dir='ltr'>tropicOS,</span> 
     </span>
     <span class='ocr_line' id='line_1_14' title="bbox 597 1646 2328 1727; baseline -0.002 -18"><span class='ocrx_word' id='word_1_91' title='bbox 597 1668 921 1727; x_wconf 89' lang='lat' dir='ltr'>aeremque</span> <span class='ocrx_word' id='word_1_92' title='bbox 951 1668 987 1707; x_wconf 92' lang='lat' dir='ltr'>a</span> <span class='ocrx_word' id='word_1_93' title='bbox 1019 1668 1081 1707; x_wconf 87' lang='lat' dir='ltr'>se</span> <span class='ocrx_word' id='word_1_94' title='bbox 1112 1667 1350 1727; x_wconf 89' lang='lat' dir='ltr'>semper</span> <span class='ocrx_word' id='word_1_95' title='bbox 1399 1648 1495 1714; x_wconf 93' lang='lat' dir='ltr'>(ut</span> <span class='ocrx_word' id='word_1_96' title='bbox 1543 1648 1992 1727; x_wconf 88' lang='lat' dir='ltr'>supposuimus)</span> <span class='ocrx_word' id='word_1_97' title='bbox 2029 1667 2065 1706; x_wconf 92' lang='lat' dir='ltr'>a</span> <span class='ocrx_word' id='word_1_98' title='bbox 2095 1666 2157 1705; x_wconf 91' lang='lat' dir='ltr'>se</span> <span class='ocrx_word' id='word_1_99' title='bbox 2185 1646 2328 1724; x_wconf 86' lang='lat' dir='ltr'>reji-</span> 
     </span>
     <span class='ocr_line' id='line_1_15' title="bbox 599 1739 2329 1820; baseline -0.003 -17"><span class='ocrx_word' id='word_1_100' title='bbox 599 1763 756 1815; x_wconf 90' lang='lat' dir='ltr'>cere,</span> <span class='ocrx_word' id='word_1_101' title='bbox 782 1752 965 1820; x_wconf 89' lang='lat' dir='ltr'>atque</span> <span class='ocrx_word' id='word_1_102' title='bbox 997 1742 1182 1800; x_wconf 89' lang='lat' dir='ltr'>etiam</span> <span class='ocrx_word' id='word_1_103' title='bbox 1211 1742 1373 1801; x_wconf 89' lang='lat' dir='ltr'>idem</span> <span class='ocrx_word' id='word_1_104' title='bbox 1403 1743 1602 1802; x_wconf 83' lang='lat' dir='ltr'>facere</span> <span class='ocrx_word' id='word_1_105' title='bbox 1635 1752 1881 1802; x_wconf 89' lang='lat' dir='ltr'>terram.</span> <span class='ocrx_word' id='word_1_106' title='bbox 1954 1742 2167 1820; x_wconf 91' lang='lat' dir='ltr'>Itaque</span> <span class='ocrx_word' id='word_1_107' title='bbox 2196 1739 2329 1798; x_wconf 87' lang='lat' dir='ltr'>fieri</span> 
     </span>
     <span class='ocr_line' id='line_1_16' title="bbox 598 1835 2329 1915; baseline -0.002 -18"><span class='ocrx_word' id='word_1_108' title='bbox 598 1858 724 1897; x_wconf 93' lang='lat' dir='ltr'>non</span> <span class='ocrx_word' id='word_1_109' title='bbox 753 1844 954 1914; x_wconf 87' lang='lat' dir='ltr'>potest</span> <span class='ocrx_word' id='word_1_110' title='bbox 984 1836 1129 1915; x_wconf 91' lang='lat' dir='ltr'>quin</span> <span class='ocrx_word' id='word_1_111' title='bbox 1169 1837 1245 1895; x_wconf 92' lang='lat' dir='ltr'>ab</span> <span class='ocrx_word' id='word_1_112' title='bbox 1281 1846 1542 1915; x_wconf 92' lang='lat' dir='ltr'>utroque</span> <span class='ocrx_word' id='word_1_113' title='bbox 1573 1857 1829 1915; x_wconf 90' lang='lat' dir='ltr'>magnus</span> <span class='ocrx_word' id='word_1_114' title='bbox 1859 1844 2144 1895; x_wconf 87' lang='lat' dir='ltr'>nascatur</span> <span class='ocrx_word' id='word_1_115' title='bbox 2172 1835 2329 1894; x_wconf 90' lang='lat' dir='ltr'>aeris</span> 
     </span>
     <span class='ocr_line' id='line_1_17' title="bbox 598 1930 2329 2011; baseline -0.002 -20"><span class='ocrx_word' id='word_1_116' title='bbox 598 1940 803 1991; x_wconf 90' lang='lat' dir='ltr'>motus</span> <span class='ocrx_word' id='word_1_117' title='bbox 832 1950 1042 1990; x_wconf 89' lang='lat' dir='ltr'>versus</span> <span class='ocrx_word' id='word_1_118' title='bbox 1088 1940 1416 2010; x_wconf 89' lang='lat' dir='ltr'>utrumque</span> <span class='ocrx_word' id='word_1_119' title='bbox 1467 1931 1695 2011; x_wconf 88' lang='lat' dir='ltr'>polum,</span> <span class='ocrx_word' id='word_1_120' title='bbox 1726 1930 2107 2009; x_wconf 91' lang='lat' dir='ltr'>superficiem</span> <span class='ocrx_word' id='word_1_121' title='bbox 2149 1938 2329 1987; x_wconf 82' lang='lat' dir='ltr'>terrae</span> 
     </span>
     <span class='ocr_line' id='line_1_18' title="bbox 601 2024 2330 2103; baseline -0.003 -19"><span class='ocrx_word' id='word_1_122' title='bbox 601 2035 662 2085; x_wconf 89' lang='lat' dir='ltr'>et</span> <span class='ocrx_word' id='word_1_123' title='bbox 691 2024 874 2084; x_wconf 88' lang='lat' dir='ltr'>maris</span> <span class='ocrx_word' id='word_1_124' title='bbox 906 2044 1143 2103; x_wconf 90' lang='lat' dir='ltr'>semper</span> <span class='ocrx_word' id='word_1_125' title='bbox 1172 2025 1412 2084; x_wconf 88' lang='lat' dir='ltr'>radens.</span> <span class='ocrx_word' id='word_1_126' title='bbox 1501 2025 1598 2084; x_wconf 89' lang='lat' dir='ltr'>Ab</span> <span class='ocrx_word' id='word_1_127' title='bbox 1649 2025 1765 2083; x_wconf 92' lang='lat' dir='ltr'>hac</span> <span class='ocrx_word' id='word_1_128' title='bbox 1803 2024 2043 2082; x_wconf 90' lang='lat' dir='ltr'>rasione</span> <span class='ocrx_word' id='word_1_129' title='bbox 2083 2039 2330 2081; x_wconf 88' lang='lat' dir='ltr'>necesse</span> 
     </span>
     <span class='ocr_line' id='line_1_19' title="bbox 603 2117 2330 2197; baseline -0.003 -20"><span class='ocrx_word' id='word_1_130' title='bbox 603 2128 697 2178; x_wconf 90' lang='lat' dir='ltr'>est</span> <span class='ocrx_word' id='word_1_131' title='bbox 725 2127 796 2177; x_wconf 89' lang='lat' dir='ltr'>ut</span> <span class='ocrx_word' id='word_1_132' title='bbox 824 2127 1028 2196; x_wconf 91' lang='lat' dir='ltr'>partes</span> <span class='ocrx_word' id='word_1_133' title='bbox 1057 2118 1175 2176; x_wconf 83' lang='lat' dir='ltr'>illae</span> <span class='ocrx_word' id='word_1_134' title='bbox 1207 2129 1384 2177; x_wconf 87' lang='lat' dir='ltr'>terrae</span> <span class='ocrx_word' id='word_1_135' title='bbox 1417 2128 1479 2177; x_wconf 93' lang='lat' dir='ltr'>et</span> <span class='ocrx_word' id='word_1_136' title='bbox 1508 2139 1679 2197; x_wconf 87' lang='lat' dir='ltr'>aquae</span> <span class='ocrx_word' id='word_1_137' title='bbox 1710 2117 1983 2176; x_wconf 88' lang='lat' dir='ltr'>circellos</span> <span class='ocrx_word' id='word_1_138' title='bbox 2012 2135 2150 2174; x_wconf 91' lang='lat' dir='ltr'>suos</span> <span class='ocrx_word' id='word_1_139' title='bbox 2180 2132 2330 2192; x_wconf 90' lang='lat' dir='ltr'>quos</span> 
     </span>
     <span class='ocr_line' id='line_1_20' title="bbox 601 2209 2331 2290; baseline -0.002 -20"><span class='ocrx_word' id='word_1_140' title='bbox 601 2212 836 2272; x_wconf 87' lang='lat' dir='ltr'>faciunt</span> <span class='ocrx_word' id='word_1_141' title='bbox 863 2212 1245 2284; x_wconf 88' lang='lat' dir='ltr'>contrahant,</span> <span class='ocrx_word' id='word_1_142' title='bbox 1266 2212 1329 2271; x_wconf 91' lang='lat' dir='ltr'>id</span> <span class='ocrx_word' id='word_1_143' title='bbox 1353 2212 1517 2290; x_wconf 92' lang='lat' dir='ltr'>quod</span> <span class='ocrx_word' id='word_1_144' title='bbox 1539 2222 1631 2270; x_wconf 91' lang='lat' dir='ltr'>est</span> <span class='ocrx_word' id='word_1_145' title='bbox 1654 2211 2014 2271; x_wconf 74' lang='lat' dir='ltr'>durescere:</span> <span class='ocrx_word' id='word_1_146' title='bbox 2045 2217 2106 2268; x_wconf 88' lang='lat' dir='ltr'>et</span> <span class='ocrx_word' id='word_1_147' title='bbox 2133 2209 2331 2287; x_wconf 92' lang='lat' dir='ltr'>primo</span> 
     </span>
     <span class='ocr_line' id='line_1_21' title="bbox 605 2304 2333 2385; baseline -0.001 -21"><span class='ocrx_word' id='word_1_148' title='bbox 605 2306 848 2385; x_wconf 90' lang='lat' dir='ltr'>quidem</span> <span class='ocrx_word' id='word_1_149' title='bbox 895 2306 959 2364; x_wconf 92' lang='lat' dir='ltr'>in</span> <span class='ocrx_word' id='word_1_150' title='bbox 1007 2306 1326 2384; x_wconf 89' lang='lat' dir='ltr'>superficie</span> <span class='ocrx_word' id='word_1_151' title='bbox 1374 2306 1703 2364; x_wconf 89' lang='lat' dir='ltr'>cuticulam</span> <span class='ocrx_word' id='word_1_152' title='bbox 1747 2304 2020 2377; x_wconf 90' lang='lat' dir='ltr'>induere,</span> <span class='ocrx_word' id='word_1_153' title='bbox 2062 2323 2196 2382; x_wconf 80' lang='lat' dir='ltr'>quae</span> <span class='ocrx_word' id='word_1_154' title='bbox 2240 2312 2333 2362; x_wconf 90' lang='lat' dir='ltr'>est</span> 
     </span>
     <span class='ocr_line' id='line_1_22' title="bbox 604 2398 2331 2478; baseline -0.003 -19"><span class='ocrx_word' id='word_1_155' title='bbox 604 2399 829 2478; x_wconf 83' lang='lat' dir='ltr'>glacies</span> <span class='ocrx_word' id='word_1_156' title='bbox 867 2399 1098 2477; x_wconf 90' lang='lat' dir='ltr'>prima:</span> <span class='ocrx_word' id='word_1_157' title='bbox 1144 2407 1355 2476; x_wconf 89' lang='lat' dir='ltr'>postea</span> <span class='ocrx_word' id='word_1_158' title='bbox 1383 2419 1550 2471; x_wconf 86' lang='lat' dir='ltr'>ver0,</span> <span class='ocrx_word' id='word_1_159' title='bbox 1588 2398 1801 2457; x_wconf 93' lang='lat' dir='ltr'>eodem</span> <span class='ocrx_word' id='word_1_160' title='bbox 1843 2406 2014 2456; x_wconf 92' lang='lat' dir='ltr'>motu</span> <span class='ocrx_word' id='word_1_161' title='bbox 2054 2416 2331 2475; x_wconf 90' lang='lat' dir='ltr'>perseve-</span> 
     </span>
     <span class='ocr_line' id='line_1_23' title="bbox 606 2491 2335 2570; baseline -0.002 -18"><span class='ocrx_word' id='word_1_162' title='bbox 606 2502 801 2567; x_wconf 84' lang='lat' dir='ltr'>rante,</span> <span class='ocrx_word' id='word_1_163' title='bbox 833 2493 1160 2552; x_wconf 89' lang='lat' dir='ltr'>cuticulam</span> <span class='ocrx_word' id='word_1_164' title='bbox 1191 2493 1372 2552; x_wconf 88' lang='lat' dir='ltr'>aliam</span> <span class='ocrx_word' id='word_1_165' title='bbox 1401 2493 1720 2570; x_wconf 88' lang='lat' dir='ltr'>aliamque,</span> <span class='ocrx_word' id='word_1_166' title='bbox 1745 2500 2113 2570; x_wconf 90' lang='lat' dir='ltr'>cooperante</span> <span class='ocrx_word' id='word_1_167' title='bbox 2152 2491 2335 2550; x_wconf 89' lang='lat' dir='ltr'>etiam</span> 
     </span>
     <span class='ocr_line' id='line_1_24' title="bbox 606 2585 2336 2668; baseline -0.002 -21"><span class='ocrx_word' id='word_1_168' title='bbox 606 2588 800 2668; x_wconf 90' lang='lat' dir='ltr'>glacie</span> <span class='ocrx_word' id='word_1_169' title='bbox 840 2588 1071 2666; x_wconf 86' lang='lat' dir='ltr'>prima:</span> <span class='ocrx_word' id='word_1_170' title='bbox 1120 2586 1316 2647; x_wconf 92' lang='lat' dir='ltr'>donec</span> <span class='ocrx_word' id='word_1_171' title='bbox 1356 2586 1605 2647; x_wconf 88' lang='lat' dir='ltr'>tandem</span> <span class='ocrx_word' id='word_1_172' title='bbox 1649 2585 1865 2646; x_wconf 89' lang='lat' dir='ltr'>evadat</span> <span class='ocrx_word' id='word_1_173' title='bbox 1908 2585 2132 2665; x_wconf 86' lang='lat' dir='ltr'>glacies</span> <span class='ocrx_word' id='word_1_174' title='bbox 2174 2604 2336 2646; x_wconf 91' lang='lat' dir='ltr'>cras-</span> 
     </span>
     <span class='ocr_line' id='line_1_25' title="bbox 609 2683 860 2742; baseline -0.004 0"><span class='ocrx_word' id='word_1_175' title='bbox 609 2683 860 2742; x_wconf 89' lang='lat' dir='ltr'>sissima.</span> 
     </span>
    </p>

    <p class='ocr_par' dir='ltr' id='par_1_7' title="bbox 609 2774 2342 3514">
     <span class='ocr_line' id='line_1_26' title="bbox 694 2774 2338 2854; baseline -0.003 -18"><span class='ocrx_word' id='word_1_176' title='bbox 694 2777 775 2838; x_wconf 83' lang='lat' dir='ltr'>A.</span> <span class='ocrx_word' id='word_1_177' title='bbox 822 2775 888 2835; x_wconf 83' lang='lat' dir='ltr'>Si</span> <span class='ocrx_word' id='word_1_178' title='bbox 915 2776 1002 2834; x_wconf 90' lang='lat' dir='ltr'>ita</span> <span class='ocrx_word' id='word_1_179' title='bbox 1031 2783 1142 2848; x_wconf 89' lang='lat' dir='ltr'>est,</span> <span class='ocrx_word' id='word_1_180' title='bbox 1184 2796 1307 2835; x_wconf 94' lang='lat' dir='ltr'>non</span> <span class='ocrx_word' id='word_1_181' title='bbox 1347 2795 1498 2854; x_wconf 91' lang='lat' dir='ltr'>opus</span> <span class='ocrx_word' id='word_1_182' title='bbox 1541 2783 1633 2835; x_wconf 91' lang='lat' dir='ltr'>est</span> <span class='ocrx_word' id='word_1_183' title='bbox 1681 2784 1752 2833; x_wconf 93' lang='lat' dir='ltr'>ut</span> <span class='ocrx_word' id='word_1_184' title='bbox 1794 2774 2188 2851; x_wconf 86' lang='lat' dir='ltr'>interrogem,</span> <span class='ocrx_word' id='word_1_185' title='bbox 2218 2792 2338 2851; x_wconf 91' lang='lat' dir='ltr'>quo</span> 
     </span>
     <span class='ocr_line' id='line_1_27' title="bbox 609 2867 2341 2950; baseline -0.003 -20"><span class='ocrx_word' id='word_1_186' title='bbox 609 2879 791 2950; x_wconf 90' lang='lat' dir='ltr'>pacto</span> <span class='ocrx_word' id='word_1_187' title='bbox 820 2871 930 2929; x_wconf 89' lang='lat' dir='ltr'>fiat</span> <span class='ocrx_word' id='word_1_188' title='bbox 958 2879 1029 2929; x_wconf 93' lang='lat' dir='ltr'>ut</span> <span class='ocrx_word' id='word_1_189' title='bbox 1059 2889 1233 2948; x_wconf 82' lang='lat' dir='ltr'>aquae</span> <span class='ocrx_word' id='word_1_190' title='bbox 1273 2890 1492 2929; x_wconf 90' lang='lat' dir='ltr'>urceus</span> <span class='ocrx_word' id='word_1_191' title='bbox 1522 2891 1559 2929; x_wconf 93' lang='lat' dir='ltr'>a</span> <span class='ocrx_word' id='word_1_192' title='bbox 1587 2870 1728 2928; x_wconf 89' lang='lat' dir='ltr'>nive</span> <span class='ocrx_word' id='word_1_193' title='bbox 1767 2868 1878 2927; x_wconf 91' lang='lat' dir='ltr'>sali</span> <span class='ocrx_word' id='word_1_194' title='bbox 1915 2868 2125 2941; x_wconf 88' lang='lat' dir='ltr'>mixta,</span> <span class='ocrx_word' id='word_1_195' title='bbox 2155 2867 2341 2926; x_wconf 89' lang='lat' dir='ltr'>etiam</span> 
     </span>
     <span class='ocr_line' id='line_1_28' title="bbox 611 2960 2341 3042; baseline -0.003 -17"><span class='ocrx_word' id='word_1_196' title='bbox 611 2974 843 3036; x_wconf 86' lang='lat' dir='ltr'>aestate,</span> <span class='ocrx_word' id='word_1_197' title='bbox 867 2984 992 3023; x_wconf 89' lang='lat' dir='ltr'>non</span> <span class='ocrx_word' id='word_1_198' title='bbox 1022 2964 1237 3042; x_wconf 90' lang='lat' dir='ltr'>procul</span> <span class='ocrx_word' id='word_1_199' title='bbox 1266 2965 1342 3023; x_wconf 91' lang='lat' dir='ltr'>ab</span> <span class='ocrx_word' id='word_1_200' title='bbox 1373 2965 1515 3042; x_wconf 90' lang='lat' dir='ltr'>igne</span> <span class='ocrx_word' id='word_1_201' title='bbox 1545 2963 1922 3042; x_wconf 88' lang='lat' dir='ltr'>congeletur.</span> <span class='ocrx_word' id='word_1_202' title='bbox 2011 2962 2149 3021; x_wconf 86' lang='lat' dir='ltr'>Sale</span> <span class='ocrx_word' id='word_1_203' title='bbox 2179 2960 2341 3020; x_wconf 91' lang='lat' dir='ltr'>enim</span> 
     </span>
     <span class='ocr_line' id='line_1_29' title="bbox 611 3046 2342 3136; baseline -0.003 -18"><span class='ocrx_word' id='word_1_204' title='bbox 611 3068 675 3118; x_wconf 93' lang='lat' dir='ltr'>et</span> <span class='ocrx_word' id='word_1_205' title='bbox 711 3059 850 3117; x_wconf 90' lang='lat' dir='ltr'>nive</span> <span class='ocrx_word' id='word_1_206' title='bbox 893 3046 1248 3117; x_wconf 83' lang='lat' dir='ltr'>circundato</span> <span class='ocrx_word' id='word_1_207' title='bbox 1292 3078 1498 3131; x_wconf 86' lang='lat' dir='ltr'>urceo,</span> <span class='ocrx_word' id='word_1_208' title='bbox 1529 3078 1562 3116; x_wconf 96' lang='lat' dir='ltr'>e</span> <span class='ocrx_word' id='word_1_209' title='bbox 1590 3056 2064 3136; x_wconf 88' lang='lat' dir='ltr'>liquescentibus</span> <span class='ocrx_word' id='word_1_210' title='bbox 2093 3055 2210 3114; x_wconf 91' lang='lat' dir='ltr'>illis</span> <span class='ocrx_word' id='word_1_211' title='bbox 2237 3074 2342 3114; x_wconf 92' lang='lat' dir='ltr'>aer</span> 
     </span>
     <span class='ocr_line' id='line_1_30' title="bbox 612 3150 2341 3231; baseline -0.002 -19"><span class='ocrx_word' id='word_1_212' title='bbox 612 3153 738 3212; x_wconf 90' lang='lat' dir='ltr'>sive</span> <span class='ocrx_word' id='word_1_213' title='bbox 788 3161 1007 3211; x_wconf 88' lang='lat' dir='ltr'>ventus</span> <span class='ocrx_word' id='word_1_214' title='bbox 1068 3152 1444 3231; x_wconf 86' lang='lat' dir='ltr'>exprimitur,</span> <span class='ocrx_word' id='word_1_215' title='bbox 1506 3153 1610 3231; x_wconf 91' lang='lat' dir='ltr'>qui</span> <span class='ocrx_word' id='word_1_216' title='bbox 1665 3152 1886 3212; x_wconf 88' lang='lat' dir='ltr'>radens</span> <span class='ocrx_word' id='word_1_217' title='bbox 1936 3150 2341 3228; x_wconf 91' lang='lat' dir='ltr'>undequaque</span> 
     </span>
     <span class='ocr_line' id='line_1_31' title="bbox 611 3243 2342 3324; baseline -0.002 -18"><span class='ocrx_word' id='word_1_218' title='bbox 611 3246 780 3306; x_wconf 89' lang='lat' dir='ltr'>urcei</span> <span class='ocrx_word' id='word_1_219' title='bbox 810 3247 1192 3324; x_wconf 90' lang='lat' dir='ltr'>superficiem</span> <span class='ocrx_word' id='word_1_220' title='bbox 1222 3247 1530 3320; x_wconf 86' lang='lat' dir='ltr'>extimam,</span> <span class='ocrx_word' id='word_1_221' title='bbox 1562 3255 1798 3306; x_wconf 88' lang='lat' dir='ltr'>motum</span> <span class='ocrx_word' id='word_1_222' title='bbox 1825 3245 2091 3324; x_wconf 86' lang='lat' dir='ltr'>partium</span> <span class='ocrx_word' id='word_1_223' title='bbox 2123 3244 2250 3322; x_wconf 90' lang='lat' dir='ltr'>ejus</span> <span class='ocrx_word' id='word_1_224' title='bbox 2278 3243 2342 3302; x_wconf 93' lang='lat' dir='ltr'>in</span> 
     </span>
     <span class='ocr_line' id='line_1_32' title="bbox 614 3337 2342 3420; baseline -0.002 -21"><span class='ocrx_word' id='word_1_225' title='bbox 614 3341 810 3420; x_wconf 86' lang='lat' dir='ltr'>spatia</span> <span class='ocrx_word' id='word_1_226' title='bbox 854 3341 1119 3400; x_wconf 91' lang='lat' dir='ltr'>arctiora</span> <span class='ocrx_word' id='word_1_227' title='bbox 1163 3341 1422 3420; x_wconf 88' lang='lat' dir='ltr'>redigit:</span> <span class='ocrx_word' id='word_1_228' title='bbox 1470 3350 1531 3400; x_wconf 93' lang='lat' dir='ltr'>et</span> <span class='ocrx_word' id='word_1_229' title='bbox 1577 3341 1662 3400; x_wconf 91' lang='lat' dir='ltr'>sic</span> <span class='ocrx_word' id='word_1_230' title='bbox 1702 3339 1942 3399; x_wconf 87' lang='lat' dir='ltr'>actione</span> <span class='ocrx_word' id='word_1_231' title='bbox 1981 3338 2060 3397; x_wconf 92' lang='lat' dir='ltr'>ad</span> <span class='ocrx_word' id='word_1_232' title='bbox 2103 3337 2342 3396; x_wconf 90' lang='lat' dir='ltr'>interna</span> 
     </span>
     <span class='ocr_line' id='line_1_33' title="bbox 612 3430 2341 3514; baseline -0.003 -20"><span class='ocrx_word' id='word_1_233' title='bbox 612 3445 968 3513; x_wconf 88' lang='lat' dir='ltr'>propagata,</span> <span class='ocrx_word' id='word_1_234' title='bbox 1000 3455 1158 3513; x_wconf 90' lang='lat' dir='ltr'>aqua</span> <span class='ocrx_word' id='word_1_235' title='bbox 1196 3436 1445 3494; x_wconf 91' lang='lat' dir='ltr'>tandem</span> <span class='ocrx_word' id='word_1_236' title='bbox 1477 3455 1612 3514; x_wconf 85' lang='lat' dir='ltr'>quae</span> <span class='ocrx_word' id='word_1_237' title='bbox 1650 3434 1817 3493; x_wconf 90' lang='lat' dir='ltr'>intus</span> <span class='ocrx_word' id='word_1_238' title='bbox 1849 3441 1942 3492; x_wconf 88' lang='lat' dir='ltr'>est</span> <span class='ocrx_word' id='word_1_239' title='bbox 1991 3430 2341 3490; x_wconf 89' lang='lat' dir='ltr'>indurescit.</span> 
     </span>
    </p>
   </div>
   <div class='ocr_carea' id='block_1_3' title="bbox 615 3524 2341 3701">
    <p class='ocr_par' dir='ltr' id='par_1_8' title="bbox 615 3524 2341 3701">
     <span class='ocr_line' id='line_1_34' title="bbox 616 3524 2341 3608; baseline -0.003 -21"><span class='ocrx_word' id='word_1_240' title='bbox 616 3529 738 3588; x_wconf 86' lang='lat' dir='ltr'>Sed</span> <span class='ocrx_word' id='word_1_241' title='bbox 769 3529 930 3587; x_wconf 89' lang='lat' dir='ltr'>unde</span> <span class='ocrx_word' id='word_1_242' title='bbox 959 3530 1263 3608; x_wconf 90' lang='lat' dir='ltr'>contingit</span> <span class='ocrx_word' id='word_1_243' title='bbox 1284 3540 1354 3589; x_wconf 89' lang='lat' dir='ltr'>ut</span> <span class='ocrx_word' id='word_1_244' title='bbox 1376 3550 1532 3607; x_wconf 87' lang='lat' dir='ltr'>aqua</span> <span class='ocrx_word' id='word_1_245' title='bbox 1560 3530 1623 3588; x_wconf 91' lang='lat' dir='ltr'>in</span> <span class='ocrx_word' id='word_1_246' title='bbox 1653 3537 1840 3607; x_wconf 89' lang='lat' dir='ltr'>puteo</span> <span class='ocrx_word' id='word_1_247' title='bbox 1871 3524 2173 3606; x_wconf 89' lang='lat' dir='ltr'>profundo</span> <span class='ocrx_word' id='word_1_248' title='bbox 2203 3542 2341 3583; x_wconf 89' lang='lat' dir='ltr'>raro</span> 
     </span>
     <span class='ocr_line' id='line_1_35' title="bbox 615 3621 1021 3701; baseline -0.002 -20"><span class='ocrx_word' id='word_1_249' title='bbox 615 3623 976 3701; x_wconf 88' lang='lat' dir='ltr'>congeletur</span> <span class='ocrx_word' id='word_1_250' title='bbox 1002 3621 1021 3680; x_wconf 72' lang='grc' dir='ltr'><em>Ρ</em></span> 
     </span>
    </p>
   </div>
  </div>
 </body>
</html>
