2462 4120
823 362 1380 405 GEOMETRARUM.
1847 347 1967 409 447

648 757 737 799 DE
772 758 1226 800 DIMENSIONE
1262 756 1558 798 CIRCULI.

230 877 598 936 PRINCIPIA
646 874 765 934 ista
810 896 946 954 quae
988 895 1173 954 supra
1203 895 1240 934 a
1270 894 1367 933 me
1404 874 1776 952 reprehensa
1808 884 1974 947 sunt,
2054 903 2166 935 CAP.
2193 902 2278 932 xx.

228 972 451 1030 mirum
481 978 574 1028 est
604 969 790 1028 etiam
823 980 1122 1048 quantum
1152 969 1233 1029 ad
1281 969 1696 1048 pulcherrima
1733 989 1976 1046 geome-
2026 958 2293 1042 BT

230 1065 366 1126 triae
422 1063 806 1143 problemata
863 1063 1234 1123 invenienda
1290 1063 1452 1121 viam
1512 1063 1977 1121 obstruxerunt:
2025 1061 2164 1099 mmuh·

230 1179 487 1239 quorum
537 1159 817 1236 exempla
866 1158 1071 1236 aliqua
1109 1158 1211 1217 hic
1259 1156 1373 1216 tibi
1421 1157 1732 1230 exhibere,
1773 1177 1976 1235 operae

230 1253 497 1334 pretium
542 1272 672 1312 esse
702 1262 875 1332 puto.

317 1349 413 1408 Sit
444 1348 811 1426 quadratum
839 1348 1078 1408 ABCD.
1143 1348 1369 1408 Centro
1403 1347 1476 1418 A,
1499 1345 1821 1404 intervallo
1852 1345 1983 1419 AB,

231 1442 572 1523 descriptus
630 1443 709 1502 sit
767 1443 982 1503 circuli
1022 1442 1330 1522 quadrans
1379 1441 1569 1501 ABD.
1680 1440 1983 1500 Sec-entur

231 1539 426 1599 latera
467 1538 601 1610 AD,
634 1537 739 1597 BC
767 1538 1050 1598 bifariam
1079 1539 1144 1598 in
1173 1539 1223 1598 E
1255 1548 1318 1597 et
1358 1537 1423 1596 F.
1528 1536 1731 1595 Ducta
1759 1535 1860 1594 EF
1890 1554 1982 1594 se-

230 1642 411 1692 cante
441 1653 652 1692 arcum
696 1632 806 1692 BD
846 1633 910 1692 in
951 1634 1022 1706 G,
1056 1634 1174 1693 erit
1216 1652 1396 1692 arcus
1429 1629 1541 1693 BG
1571 1632 1763 1691 totius
1805 1650 1984 1690 arcus

232 1727 342 1787 BD
371 1747 514 1806 pars
545 1726 748 1786 tertia.

313 1822 428 1881 Per
455 1831 756 1900 punctum
792 1820 845 1880 G
875 1820 1136 1881 ducatur
1167 1829 1338 1879 recta
1391 1820 1536 1880 IGK
1566 1820 1854 1899 parellela
1898 1818 1988 1878 la-

233 1916 352 1976 teri
381 1915 505 1988 BC,
530 1934 745 1974 secans
771 1915 880 1974 AB
912 1915 975 1974 in
1007 1916 1035 1974 I
1071 1924 1133 1974 et
1165 1915 1275 1973 CD
1300 1915 1364 1974 in
1392 1915 1468 1986 K,
1492 1914 1988 1994 producaturque

234 2010 314 2071 ad
347 2011 431 2082 H,
462 2010 551 2069 ita
578 2018 648 2069 ut
679 2010 772 2068 IH
808 2010 885 2069 sit
933 2010 1117 2088 tripla
1147 2009 1267 2069 IG:
1316 2009 1580 2088 denique
1615 2029 1726 2087 per
1769 2010 1828 2068 H
1874 2009 1987 2068 du-

231 2115 405 2166 catur
434 2114 607 2163 recta
639 2104 757 2164 ΝΟ
787 2104 1128 2177 indefinita,
1159 2113 1221 2163 et
1251 2105 1551 2182 parallela
1583 2105 1712 2164 DC.

325 2200 604 2259 Ducatur
644 2200 751 2259 BG
782 2199 1014 2259 chorda
1043 2220 1221 2259 arcus
1253 2200 1379 2273 BG,
1412 2209 1471 2260 et
1502 2200 1878 2279 producatur
1909 2198 1988 2259 ad

248 2293 365 2354 ΝΟ
389 2294 453 2354 in
484 2295 558 2368 O,
592 2314 804 2354 secans
829 2295 934 2354 CD
965 2295 1030 2354 in
1060 2295 1125 2355 P.
1185 2294 1424 2356 Deinde
1454 2304 1666 2355 centro
1697 2296 1767 2367 Β,
1799 2296 1990 2354 inter-

246 2389 407 2449 vallo
436 2389 564 2462 ΒΟ,
598 2389 980 2449 describatur
1009 2409 1187 2449 arcus
1219 2390 1432 2449 circuli
1462 2409 1672 2450 secans
1705 2391 1819 2449 BN
1848 2409 1991 2468 pro-

249 2482 497 2543 ductam
519 2484 583 2542 in
615 2483 694 2545 Q.

333 2579 520 2638 Porro
578 2579 757 2638 lateri
819 2579 928 2638 BA
980 2579 1352 2659 adjungatur
1407 2580 1471 2639 in
1530 2579 1832 2639 directum
1878 2579 1994 2638 AR

250 2673 497 2750 aequalis
538 2673 740 2752 duplae
771 2673 889 2746 GF,
922 2683 984 2733 et
1029 2675 1215 2734 ducta
1246 2675 1380 2746 RD,
1414 2694 1548 2753 quae
1580 2675 1830 2753 aequalis
1875 2673 1993 2732 erit

252 2765 437 2844 duplo
480 2766 656 2825 lateri
694 2767 829 2839 AD,
860 2768 1239 2846 producatur
1282 2769 1362 2828 ad
1404 2770 1561 2828 latus
1596 2770 1699 2828 BC
1728 2769 1995 2847 produc-

251 2869 384 2918 tum
427 2860 491 2919 in
537 2861 616 2929 S;
673 2862 909 2940 eritque
955 2863 1052 2922 CS
1098 2865 1347 2943 aequalis
1404 2865 1685 2943 tangenti
1731 2872 1809 2925 30
1853 2884 1993 2943 gra-

252 2954 481 3023 duum;
524 2955 810 3015 transibit
856 2967 1061 3017 autem
1113 2961 1214 3019 Rs
1258 2980 1367 3038 per
1419 2960 1502 3030 H,
1536 2960 1866 3019 terminum
1906 2979 1995 3018 se-

252 3048 493 3108 miradii
543 3049 688 3108 KH.
776 3050 1053 3111 Ducatur
1098 3054 1208 3115 Qa
1251 3054 1547 3133 parallela
1588 3054 1736 3123 NH,
1784 3073 1997 3113 secans

253 3142 354 3202 RS
378 3143 438 3201 in
465 3163 522 3201 a.
574 3143 1086 3225 Compleaturque
1110 3149 1748 3226 parallelogrammum
1778 3147 1994 3208 Raab.

254 3237 586 3310 PostremO,
619 3237 812 3301 diviso
844 3259 991 3299 arcu
1040 3242 1148 3301 BG
1192 3243 1476 3302 bifariam
1506 3244 1572 3303 in
1604 3266 1656 3317 c,
1689 3243 1996 3319 ductoque

254 3332 388 3390 sinu
421 3352 598 3391 arcus
623 3333 733 3402 Bc,
759 3334 1055 3412 jungatur
1084 3337 1201 3398 Rc.
1250 3339 1568 3398 Hactenus
1596 3337 1990 3397 constructio.

337 3426 471 3484 Erit
501 3445 647 3504 ergo
687 3426 852 3486 sinus
884 3448 1060 3488 arcus
1092 3430 1188 3489 Bc
1218 3442 1390 3491 sexta
1418 3453 1558 3510 pars
1589 3442 1770 3491 rectae
1803 3431 1900 3503 ba,
1933 3440 1994 3490 et

251 3519 367 3598 ipsi
410 3521 772 3598 parallelus;
818 3522 1076 3602 ideoque
1107 3525 1203 3584 vel
1250 3526 1313 3585 in
1359 3527 1492 3605 ipsa
1524 3527 1631 3598 ba,
1662 3526 1759 3586 vel
1790 3545 1991 3601 supra,

251 3613 348 3674 vel
393 3613 569 3674 infra.
662 3615 952 3676 Sumatur
983 3616 1096 3677 Ad
1136 3627 1308 3679 sexta
1353 3640 1493 3698 pars
1526 3620 1657 3694 AD,
1700 3628 1760 3678 et
1809 3618 1992 3678 ducta
