2462 4120
677 349 1146 391 PROBLEMATA
1177 350 1498 392 PHYSICA.
1838 338 1959 403 357

296 485 375 549 B.
425 488 489 548 Si
535 496 700 547 terra
740 488 938 546 omnis
965 487 1060 546 ·sit
1102 487 1377 565 ejusdem
1416 490 1678 566 generis,
1715 492 1824 552 fiet
1864 512 1957 552 re·
2030 513 2142 546 cAP.
2171 513 2261 545 v11.

211 580 432 642 fractio
463 601 670 641 versus
701 581 1289 660 perpendicularem.
1388 582 1549 641 Nam
1579 584 1764 643 etiam
1807 594 1954 645 tunc
1979 571 2263 664 nem

211 685 414 736 motus
464 676 788 755 parallelus
840 676 904 735 in
954 675 1152 754 primo
1199 675 1482 754 ingressu
1528 698 1565 737 a
1607 679 1956 740 resistentia
1975 672 2216 718 PendiCfflari’
2245 675 2315 707 em·

216 770 653 831 debilitabitur.

297 867 379 927 A.
427 866 607 926 Unde
637 867 708 926 fit
747 875 817 925 ut
846 866 989 944 pila,
1011 863 1062 924 si
1091 864 1154 923 in
1184 864 1438 923 fiuvium
1469 865 1751 925 mittatur
1779 867 1955 926 valde

211 959 476 1039 oblique,
500 971 924 1041 penetretque,
950 960 1365 1039 repercutitur
1395 969 1602 1018 tamen
1632 962 1695 1019 in
1718 962 1955 1021 aerem?

292 1053 371 1114 B.
421 1055 687 1117 Quando
728 1057 853 1135 pila
889 1055 1067 1114 valde
1114 1054 1358 1133 oblique
1406 1055 1727 1127 emittitur,
1763 1077 1955 1134 quan-

211 1169 395 1229 quam
425 1159 628 1211 motus
667 1151 840 1210 velox
884 1150 980 1223 sit,
1018 1168 1296 1208 accessus
1348 1159 1556 1208 tamen
1604 1149 1683 1208 ad
1735 1169 1957 1227 aquam

211 1244 498 1304 deorsum
548 1245 761 1305 tardus
808 1254 920 1305 est.
1007 1245 1088 1303 Et
1145 1263 1286 1303 cum
1338 1244 1686 1312 accesserit,
1737 1265 1954 1323 aquam

210 1349 354 1399 ante
379 1359 442 1399 se
463 1340 720 1399 multam
742 1339 916 1419 pellit
938 1339 1227 1417 cogitque
1251 1358 1571 1417 assurgere
1593 1364 1608 1407 ;
1641 1358 1779 1417 quae
1798 1359 1957 1418 aqua

209 1434 482 1513 pondere
512 1434 761 1514 proprio
786 1434 994 1493 statim
1020 1433 1305 1493 deorsum
1337 1433 1565 1503 tendit3
1596 1433 1761 1492 unde
1790 1434 1864 1492 fit
1885 1445 1955 1493 ut

209 1549 371 1608 aqua
415 1530 626 1589 subter
670 1530 866 1608 ipsam
904 1528 1096 1608 pilam
1134 1528 1448 1602 ascendat,
1479 1528 1662 1608 idque
1703 1549 1844 1588 cum
1884 1549 1956 1588 ea

207 1623 270 1682 vi
301 1645 437 1703 quae
468 1625 615 1684 satis
656 1625 735 1684 sit
774 1624 1132 1683 descensum
1161 1624 1303 1702 pilae
1342 1625 1405 1683 in
1447 1645 1607 1702 aqua
1646 1644 1953 1703 superare,

210 1726 271 1777 et
303 1738 541 1778 sursum
571 1718 818 1797 pellere,
843 1738 915 1778 eo
946 1718 1130 1778 modo
1151 1739 1270 1798 quo
1300 1718 1433 1778 fieri
1465 1719 1618 1779 solet
1648 1719 1712 1778 in
1741 1720 1956 1779 reflec-

209 1812 396 1872 tione.

292 1906 373 1967 A.
421 1906 561 1967 Quo
608 1915 781 1965 motu
832 1906 1152 1984 (quoniam
1199 1908 1451 1967 effectus
1499 1926 1711 1967 omnes
1758 1907 1957 1967 motui

208 2001 484 2077 ascribis)
513 2001 743 2060 ferrum
773 2000 851 2060 ad
881 2021 945 2060 se
976 2001 1165 2061 trahit
1196 2022 1448 2080 magnes
1474 2002 1494 2061 ?

292 2097 375 2156 B.
420 2097 653 2156 Eodem
674 2105 844 2155 motu
865 2116 1046 2174 quem
1071 2097 1498 2176 supposuimus
1518 2105 1661 2156 ante
1684 2097 1747 2156 in
1766 2106 1950 2156 terra.

211 2191 580 2271 Quanquam
599 2200 805 2250 autem
823 2201 1029 2270 partes
1052 2191 1321 2250 minimae
1341 2202 1524 2251 terrae
1537 2211 1747 2251 omnes
1766 2192 1954 2251 talem

206 2287 474 2347 habeant
502 2297 759 2356 motum,
790 2307 914 2345 non
946 2297 1154 2346 tamen
1186 2287 1568 2366 suppositum
1612 2296 1703 2346 est
1742 2306 1952 2346 earum

207 2382 721 2461 reciprocationes
752 2382 1015 2460 aequales
1047 2401 1197 2455 esse,
1229 2402 1428 2461 neque
1466 2381 1680 2440 iisdem
1716 2391 1952 2460 tempo-

209 2476 376 2536 ribus
414 2476 645 2555 perfici,
682 2496 882 2554 neque
921 2496 1103 2555 super
1145 2476 1301 2555 polis
1342 2476 1578 2548 iisdem,
1610 2483 1717 2534 aut
1755 2474 1953 2553 paral-

209 2569 362 2630 lelis.
421 2570 580 2629 Nam
607 2570 657 2629 si
687 2570 776 2629 ita
806 2579 984 2643 esset,
1011 2590 1270 2649 corpora
1301 2571 1508 2630 omnia
1537 2569 1857 2647 aequaliter
1887 2589 1950 2628 se

211 2674 426 2723 mutuo
466 2665 865 2724 attraherent.
953 2665 1115 2724 Nam
1168 2685 1499 2725 consensus
1544 2664 1684 2723 talis
1731 2673 1949 2734 motus,

211 2758 344 2829 viae,
372 2757 730 2830 velocitatiS‚
756 2767 817 2818 et
846 2759 1146 2837 polorum,
1177 2760 1311 2818 fieri
1340 2780 1465 2818 non
1495 2767 1697 2838 potest
1722 2758 1950 2835 absque

213 2853 644 2930 conjunctione
673 2853 944 2931 ipsorum
972 2854 1036 2912 in
1067 2863 1278 2913 centro
1309 2863 1512 2913 motus
1542 2873 1752 2912 eorum
1784 2872 1951 2911 com-

214 2946 404 3006 muni.

298 3041 511 3118 Itaque
543 3041 593 3099 si
627 3040 774 3099 ferri
812 3049 1034 3101 natura
1073 3062 1212 3101 cum
1255 3050 1475 3101 natura
1518 3040 1822 3119 magnetis
1862 3039 1951 3097 ita

217 3135 562 3206 conveniat,
592 3143 661 3193 ut
689 3144 925 3194 motum
956 3137 1215 3195 similem
1248 3138 1378 3215 ejus
1421 3137 1525 3215 qui
1556 3145 1649 3194 est
1687 3136 1751 3193 in
1782 3152 1950 3209 mag-

214 3236 379 3300 nete,
423 3228 604 3287 facile
653 3229 930 3307 recipiat,
985 3250 1056 3289 eo
1107 3230 1292 3290 modo
1345 3251 1465 3310 quo
1519 3231 1669 3309 lyrae
1720 3227 1951 3287 chorda

213 3323 435 3401 recipit
477 3331 711 3381 motum
743 3324 998 3386 alterius
1030 3325 1278 3384 chordae
1308 3325 1587 3384 similiter
1615 3333 1841 3382 tensae:
1885 3319 1950 3377 id

216 3417 382 3496 quod
409 3416 733 3476 verisimile
777 3427 887 3486 est,
920 3418 1060 3495 quia
1104 3438 1357 3497 magnes
1397 3420 1628 3497 species
1669 3414 1949 3494 quaedam

216 3522 309 3571 est
339 3513 589 3571 minerae
618 3511 867 3570 ferreae:
913 3532 1161 3573 necesse
1192 3523 1286 3573 est
1326 3523 1468 3592 post
1508 3520 1743 3571 motum
1782 3526 1949 3584 mag-

214 3607 373 3666 netis
401 3614 734 3685 receptum,
765 3616 835 3665 ut
863 3605 1089 3667 ferrum
1123 3607 1202 3667 ad
1223 3616 1592 3686 magnetem,
1614 3604 1730 3664 nisi
1759 3603 1950 3679 impe-
