2462 4120
501 356 1030 400 MATHEMATICAE
1066 356 1476 397 HomERNAE.
1787 342 1865 394 33

235 503 317 564 A.
363 500 629 562 Pronum
659 507 752 558 est
781 495 1076 567 oblivisci,
1107 515 1244 573 quae
1273 514 1397 554 non
1427 495 1750 573 intelligas,

229 596 309 657 Β.
353 595 465 655 Est
493 594 557 653 in
586 592 681 652 his
708 591 870 651 illius
893 589 1096 649 verbis
1126 589 1294 668 quod
1315 608 1439 647 non
1461 590 1661 649 minus
1691 609 1894 668 repre-

147 690 501 758 henderem,
534 708 719 767 quam
749 707 822 746 ea
851 706 988 764 quae
1029 694 1119 759 tn,
1170 703 1521 763 quanquam
1559 685 1623 742 in
1652 704 1891 764 geome-

1961 515 2208 548 DlALOGUS

2065 584 2097 615 1.

146 786 283 847 triae
311 783 656 864 professore
688 782 1061 861 turpissima,
1092 779 1275 840 modo
1305 777 1769 858 reprehendisti.
1850 837 1852 839 ,
1879 826 1883 828 «
1990 781 1993 783 ’
2031 780 2033 782 ’

232 879 314 941 A.
362 877 530 940 Quid
557 877 709 937 illud
738 876 877 937 est?

231 973 314 1034 B.
375 971 552 1033 Orirz'
589 971 817 1031 lineam
861 991 937 1030 ex
962 970 1154 1048 fluxu
1184 966 1430 1048 puncti,
1473 966 1769 1026 traditum
1799 978 1893 1027 est

148 1089 266 1129 non
295 1067 521 1148 inepte.

236 1163 319 1224 A.
365 1163 558 1222 Recte
587 1160 652 1220 id
682 1161 849 1222 dicit.

232 1256 313 1319 Β.
358 1257 458 1317 An
486 1266 784 1336 punctum
814 1256 970 1316 fluit.

237 1352 318 1413 A.
367 1351 646 1414 Quidni?

239 1446 318 1507 Β.
365 1445 654 1506 Movetur
683 1464 849 1524 ergO.

236 1541 318 1601 A.
362 1540 590 1600 Verum
621 1539 793 1599 dicis.
1365 1601 1372 1607 ‚

238 1638 320 1699 Β.
365 1637 713 1698 Aristotelis
743 1646 856 1711 est,
887 1636 1041 1696 nihil
1068 1634 1303 1694 moveri
1330 1644 1556 1714 praeter
1587 1654 1826 1714 corpus.

235 1731 311 1792 A.
352 1732 582 1792 Verum
610 1731 728 1791 hoc
772 1751 1032 1811 quoque.
1121 1730 1265 1789 Non
1297 1731 1460 1789 enirn
1491 1731 1706 1809 puncti
1729 1730 1898 1789 nulla

151 1836 246 1889 est
274 1826 607 1907 quantitaS,
661 1825 770 1886 sed
816 1826 987 1886 nulla
1032 1833 1446 1904 computatur.
1533 1825 1667 1884 Nec
1695 1825 1896 1904 ipsum

152 1932 452 2003 punctum
481 1921 655 1994 nihil,
702 1929 809 1981 aut
845 1920 1215 1980 indivisibile
1250 1930 1363 1991 est,
1409 1919 1518 1980 sed
1546 1919 1894 1979 indivisum.

154 2020 372 2097 Itaque
401 2017 508 2097 qui
538 2016 752 2076 dicunt
782 2015 1066 2076 tellurem
1096 2034 1226 2074 esse
1254 2025 1573 2094 punctum,
1616 2034 1743 2074 non
1785 2015 1900 2073 im-

153 2113 400 2194 proprie
428 2112 784 2191 loquuntur,
810 2110 1050 2190 quoties
1083 2110 1159 2170 de
1189 2130 1262 2170 ea
1284 2111 1509 2189 agitur,
1527 2119 1596 2169 ut
1620 2109 1685 2168 in
1708 2119 1902 2168 astro-

153 2208 379 2281 nomia,
427 2207 812 2267 describente
857 2206 1082 2266 lineam
1127 2215 1334 2265 motus
1386 2205 1594 2266 annui.
1683 2204 1901 2284 Neque

152 2303 332 2363 lineae
360 2301 623 2362 latitudo
656 2302 824 2362 nulla
867 2310 981 2374 est,
1012 2300 1121 2361 sed
1160 2300 1330 2360 nulla
1368 2300 1794 2360 consideratur
1836 2301 1900 2358 in

154 2396 697 2457 demonstratione.
785 2396 1036 2475 Alioqui
1080 2396 1455 2475 impossibile
1503 2405 1685 2469 esset,
1735 2395 1901 2474 quod

154 2492 425 2572 postulat
472 2491 778 2564 EuclideS‚
830 2491 1058 2551 lineam
1106 2491 1368 2561 ducere;
1417 2499 1479 2551 et
1523 2511 1635 2571 per
1686 2510 1901 2551 conse-

156 2608 351 2667 quens
381 2595 514 2647 tota
542 2587 772 2666 periret
799 2587 1072 2647 Euclidis
1101 2587 1458 2667 geometria.

242 2681 323 2741 Β.
370 2682 581 2742 Recte.
657 2682 900 2761 Negato
931 2681 1095 2742 enim
1125 2681 1291 2760 quod
1318 2682 1515 2761 possit
1545 2681 1687 2741 duci
1716 2681 1898 2755 linea,

155 2795 354 2855 neque
381 2776 448 2835 in
475 2776 636 2836 illius
663 2776 1018 2848 ElementiS,
1053 2795 1255 2855 neque
1284 2777 1348 2835 in
1384 2796 1750 2855 quocunque
1780 2777 1899 2836 alio

157 2869 310 2930 libro
332 2871 709 2950 geometrico
733 2870 1062 2949 quicquam
1087 2879 1258 2931 extat
1281 2871 1703 2931 demonstrati.
1750 2872 1898 2931 Esto

159 2983 306 3042 crgo
349 2985 560 3026 verum
613 2966 779 3045 quod
822 2966 922 3025 hic
976 2965 1142 3026 dicit.
1239 2966 1458 3026 Certus
1509 2976 1717 3026 tamen
1765 2986 1899 3025 sum

160 3057 338 3117 aliter
397 3061 654 3120 sensisse
718 3061 921 3139 ipsum
997 3080 1140 3120 cum
1196 3060 1536 3120 Elenchum
1604 3061 1899 3120 scriberet

162 3159 378 3211 contra
407 3153 740 3228 Hobbium‚
771 3154 985 3214 eadem
1030 3154 1338 3214 dicentem
1368 3175 1506 3234 quae
1549 3175 1713 3214 nunc
1745 3155 1897 3215 dicis

161 3255 251 3318 tu,
283 3264 464 3323 quem
493 3248 569 3306 ob
599 3248 664 3308 id
691 3249 890 3328 ipsum
921 3250 1204 3310 convitiis
1236 3260 1468 3310 onerat.

245 3337 322 3398 A.
365 3339 563 3400 Tanto
614 3350 709 3402 est
757 3345 1038 3423 nequior.
1146 3345 1270 3405 Sed
1314 3346 1897 3424 pergamus—Non

160 3434 358 3492 minus
387 3442 559 3493 recte
587 3443 807 3510 tamen,
838 3459 932 3499 me
958 3439 1200 3517 judice,
1239 3439 1574 3513 diceretur,
1625 3441 1682 3498 Sz’
1723 3460 1892 3518 mag-

158 3527 463 3588 nitudinis
501 3529 885 3611 principium
938 3533 1280 3594 diceremus
1348 3535 1576 3613 (prout
1625 3534 1725 3592 hie
1777 3532 1896 3592 loci

151 3621 460 3701 principii
499 3642 616 3681 vox
654 3625 897 3686 videtur
938 3627 1390 3708 intelligenda)
1439 3628 1640 3707 ipsam
1688 3634 1895 3685 exten-

327 3734 482 3776 vol..
511 3735 602 3776 lv.
1685 3739 1727 3779 D
