2462 4120
500 347 577 400 44
852 356 1310 402 ‚EXAMINATIO
1345 359 1431 401 ET
1463 359 1878 402 EMENDATIO

186 519 436 552 mALoGus
499 507 563 555 et
607 496 837 571 unitas,
884 498 1078 558 altera
1119 499 1184 558 in
1227 498 1477 559 alterius
1522 499 1879 558 definitione
1921 498 2067 577 poni
2105 517 2230 558 non

294 587 327 619 ¹·
420 644 426 654 ,
499 591 710 650 debuit
734 616 750 659 ;
794 611 919 651 non
940 592 1133 671 magis
1157 612 1340 671 quam
1365 592 1566 651 album
1595 593 1658 652 in
1683 592 2034 652 definitione
2064 591 2230 652 albe-

496 683 680 757 dinis,
725 693 833 745 aut
879 684 1098 745 albedo
1135 687 1200 745 in
1246 686 1599 746 definitione
1629 685 1780 746 albi.
1869 685 2039 745 Nihil
2069 686 2231 745 enim

496 778 735 839 confert
764 778 844 839 ad
871 779 1353 839 intellectionem
1381 780 1549 840 vocis
1580 787 1873 839 coneretae
1907 799 2015 839 sua
2042 780 2230 859 ipsius

494 871 838 946 abstracta,
881 893 1082 952 neque
1127 882 1361 947 contra,
1406 873 1750 933 abstraetoe
1779 892 1890 933 sua
1919 882 2228 934 concreta.

495 967 671 1026 Cavit
699 977 905 1027 autem
932 967 1215 1027 Euclides
1245 987 1323 1026 ne
1354 967 1707 1027 definitione
1737 967 1853 1026 hac
1882 966 1947 1026 in
1977 967 2230 1028 demon-

493 1062 890 1123 strationibus
917 1072 1229 1132 uteretur3
1274 1073 1460 1140 atque
1489 1063 1579 1122 ita
1599 1062 1830 1122 factum
1859 1072 1972 1136 est,
1996 1073 2067 1123 ut
2097 1064 2228 1123 nul-

492 1156 619 1215 lum
659 1157 801 1217 inde
844 1158 1061 1217 vitium
1104 1157 1480 1217 emanaverit
1523 1156 1602 1215 ad
1642 1157 2233 1216 theoremata—Ex

494 1250 592 1309 liis
641 1260 843 1311 autem
888 1251 1150 1311 unitatis
1196 1259 1258 1310 et
1302 1250 1537 1309 numeri
1577 1249 2054 1327 definitionibus,
2089 1249 2230 1330 ple-

494 1346 672 1425 rique
722 1345 1117 1405 arbitrantur
1161 1345 1456 1403 unitatem
1502 1362 1886 1402 numerorum
1937 1343 2231 1423 catalogo

495 1460 617 1500 non
645 1461 780 1499 esse
810 1439 1265 1511 accensendam,
1296 1438 1569 1516 adeoque
1589 1456 1896 1496 numerum
1926 1436 2232 1497 minimum

495 1534 800 1594 binarium
830 1555 966 1594 esse
986 1557 1009 1603 ,·
1054 1553 1392 1613 quanquam
1433 1531 1596 1591 illud
1632 1531 1870 1610 quidem
1905 1531 2232 1592 Euclidem

495 1630 738 1709 uspiam
769 1629 1006 1688 dixisse
1034 1648 1150 1686 non
1178 1626 1591 1686 memini—Si
1618 1626 1992 1686 meminisset
2022 1626 2232 1686 defini-

493 1724 678 1784 tionis
720 1723 1011 1795 EuclidiS,
1057 1743 1239 1801 quam
1284 1722 1559 1800 proxime
1605 1740 1789 1799 supra
1830 1720 1959 1799 ipse
1997 1721 2228 1795 retulit,

493 1837 739 1877 necesse
779 1827 871 1877 est
909 1826 980 1877 ut
1008 1815 1356 1875 meminerit
1404 1814 1630 1874 sentire
1660 1814 1977 1874 Euclidem
2016 1835 2230 1875 nume-

492 1932 700 1971 rorum
737 1912 1058 1971 minimum
1097 1931 1226 1970 6556
1268 1910 1593 1981 binarium,
1638 1909 1756 1968 nisi
1787 1909 1951 1968 idem
1981 1909 2058 1969 sit
2084 1924 2230 1983 μονὰς

493 2017 555 2066 et
582 2016 791 2081 μονάδων
814 2015 1089 2072 πλῆθος.-
1106 2005 1327 2084 Operae
1382 2012 1584 2063 tamen
1612 2002 1889 2083 pretium
1904 2002 2230 2083 fortassis

492 2100 616 2160 erit
661 2100 892 2180 paucis
950 2098 1273 2158 ostendere
1329 2118 1439 2157 cur
1489 2097 1786 2156 unitatem
1823 2105 2040 2176 putem
2088 2117 2230 2156 vere

493 2215 802 2255 numerum
852 2215 1000 2268 esse,
1059 2193 1323 2273 aliisque
1371 2193 1640 2252 numeris
1693 2191 2226 2251 annumerandam.

493 2291 629 2349 Nec
649 2290 786 2349 huic
791 2290 1030 2370 forsan
1060 2287 1499 2347 adversabitur
1528 2285 1821 2345 Euclidis
1851 2285 2231 2365 aliorumque

493 2384 798 2444 sententia
835 2383 1035 2463 probe
1081 2379 1720 2442 intellecta—Quid?
1806 2381 1906 2440 An
1943 2380 2229 2459 possibile

494 2488 588 2539 est
614 2489 683 2539 ut
710 2479 900 2557 probe
925 2477 1300 2555 intelligatur
1327 2486 1505 2551 μονάδα
1537 2495 1666 2535 6556
1696 2495 1773 2534 ex
1808 2484 2023 2549 μονάδων
2047 2485 2226 2546 συγκεῖ-

491 2603 635 2644 μενον
655 2582 835 2640 πλῆθος
851 2584 960 2631 ?—
976 2573 1117 2633 Cum
1145 2572 1301 2631 enim
1328 2569 1595 2630 nonnulli
1623 2569 1938 2640 unitatem,
1958 2567 2230 2648 proprie

494 2666 810 2747 loquendO,
857 2687 973 2725 non
1019 2666 1190 2725 modo
1233 2685 1539 2725 numerum
1573 2684 1708 2723 esse
1736 2669 1982 2744 negent,
2027 2661 2145 2720 sed
2167 2670 2228 2720 et

494 2761 727 2821 numeri
740 2769 988 2842 partem
1007 2784 1030 2828 ;
1061 2761 1336 2841 adeoque
1353 2759 1593 2820 numeri
1610 2758 1979 2838 principium
1998 2756 2227 2833 impars

494 2876 623 2915 esse
654 2855 885 2927 dicant,
927 2863 995 2915 ut
1033 2864 1127 2914 est
1164 2853 1612 2936 magnitudinis
1642 2858 1942 2932 punctum
1980 2858 2042 2909 et
2083 2857 2223 2908 tem-

487 2950 669 3030 poris
719 2957 1068 3010 momentum
1091 2973 1112 3009 .·
1174 2948 1561 3030 intelligendi
1592 2948 1893 3026 fortasse
1948 2952 2092 3003 sunt
2149 2944 2228 3003 de

496 3045 769 3118 monade,
813 3065 920 3103 seu
959 3044 1214 3117 unitate,
1260 3065 1378 3103 non
1407 3051 1475 3103 ut
1502 3060 1809 3101 numerum
1846 3037 2226 3118 singularem

496 3140 807 3220 designat,
853 3139 969 3197 sed
1007 3147 1075 3197 ut
1128 3147 1220 3198 est
1264 3137 1588 3198 eommunis
1627 3134 1803 3215 quasi
1843 3153 2226 3193 numerorum

494 3234 750 3294 omnium
790 3233 1226 3293 denominator.
1322 3232 1432 3293 Sic
1470 3230 1624 3291 enim
1661 3247 1945 3288 numerus
1982 3235 2223 3306 quater-

494 3329 706 3389 narius
753 3335 866 3400 est,
919 3326 1021 3406 qui
1064 3334 1321 3405 quatuor
1364 3327 1632 3387 unitates
1671 3322 2225 3384 numerat.—-Tune

493 3424 625 3484 haec
654 3422 942 3500 intelligis
968 3420 988 3479 ?

581 3519 662 3578 B.
708 3518 882 3577 Puto.

580 3613 659 3673 A.
704 3613 957 3690 Expone
988 3629 1059 3669 ea
1089 3627 1310 3687 quaeso,
