2462 4120
604 333 725 387 430
843 346 930 386 DE
964 346 1346 389 PRINCIPIIS
1382 349 1464 390 ET
1498 349 2101 392 RATtoomA‘rloNE

302 503 415 535 CAP.
442 504 547 537 xv1.
602 483 832 542 habent
861 485 1161 545 rationem
1191 494 1228 545 6
1260 487 1338 547 ad
1366 496 1424 561 4,
1456 490 1824 567 posteriores
1855 490 1992 550 duae
2024 490 2330 549 rationem

292 559 530 586 b—Y——ae

272 607 330 642 De
349 609 532 644 rationum

273 662 350 697 calc

356 662 426 696 ulo.

600 585 636 636 2
668 577 747 636 ἃᾶ
781 585 835 636 8.

684 672 890 732 Habet
919 674 1102 733 etiam
1131 676 1488 735 methodum
1536 678 1852 737 auferendi
1890 680 2188 738 rationem
2217 678 2331 738 mi-

596 785 810 825 norem
841 787 878 826 a
906 770 1154 846 majore.
1222 769 1315 828 Sit
1344 771 1499 829 ratio
1531 778 1550 828 l
1580 770 1659 829 ad
1678 779 1712 830 4
1737 772 2064 831 auferenda
2091 772 2333 831 ratione

595 866 632 918 2
667 859 744 919 ἃᾶ
775 873 833 920 4.
920 861 1055 920 Fiat
1084 872 1155 921 ut
1186 872 1221 923 2
1254 863 1333 921 ἃᾶ
1363 871 1420 936 4,
1453 865 1539 922 ita
1574 865 1939 925 antecedens
1979 874 1998 926 l
2040 866 2118 925 ad
2147 866 2329 925 aliam

595 961 632 1013 2
657 977 669 1012 τ
717 965 779 1013 et
810 955 1185 1015 collocentur
1211 957 1424 1016 ordine
1454 968 1578 1016 tres
1608 959 1846 1018 numeri
1879 967 1928 1031 1,
1948 968 2006 1032 2,
2034 969 2091 1019 4.
2145 960 2327 1019 Ratio

602 1054 623 1106 l
663 1047 743 1106 ad
774 1057 809 1107 4
843 1049 1229 1127 componitur
1259 1069 1334 1108 ex
1363 1050 1700 1110 rationibus
1739 1059 1760 1111 l
1800 1052 1878 1111 ad
1909 1060 1967 1125 2,
1999 1062 2060 1112 et
2089 1062 2125 1112 2
2158 1053 2236 1112 ad
2265 1060 2325 1112 4.

596 1141 803 1202 Quare
851 1143 1053 1202 ablata
1106 1143 1343 1202 ratione
1396 1152 1432 1203 2
1465 1144 1543 1203 ἃᾶ
1571 1155 1607 1203 4
1652 1164 1726 1204 ex
1774 1145 2012 1205 ratione
2066 1154 2089 1206 1
2144 1147 2224 1206 ἃᾶ
2263 1155 2323 1218 4,

592 1235 827 1314 reliqua
858 1247 950 1295 est
980 1237 1135 1295 ratio
1176 1245 1196 1296 l
1235 1237 1313 1296 ad
1346 1245 1402 1297 2.

678 1331 989 1400 Similiter,
1016 1331 1067 1389 si
1097 1351 1171 1390 ex
1201 1331 1438 1391 ratione
1463 1340 1499 1391 3
1524 1332 1602 1391 ad
1634 1340 1668 1392 2
1696 1331 2026 1391 auferenda
2056 1332 2136 1391 sit
2164 1334 2322 1393 ratio

591 1431 628 1483 2
662 1424 739 1483 ἃᾶ
772 1433 827 1497 3,
881 1426 991 1484 fiat
1030 1434 1097 1485 ut
1145 1433 1181 1485 2
1214 1425 1293 1485 ἃᾶ
1332 1434 1391 1499 3,
1439 1426 1527 1485 ita
1567 1435 1602 1486 3
1634 1427 1713 1486 ad
1758 1426 1938 1485 aliam
1980 1428 2074 1492 4ὲ.
2162 1425 2323 1485 Nam

588 1519 802 1596 positis
849 1519 1081 1592 ordine,
1115 1527 1171 1592 3,
1203 1521 1298 1591 43,
1331 1528 1367 1580 2
1396 1546 1410 1588 ;
1456 1521 1614 1580 ratio
1646 1528 1682 1580 2
1715 1520 1794 1579 ἃᾶ
1825 1528 1882 1593 3,
1928 1520 1993 1579 id
2023 1528 2131 1593 est,
2161 1520 2320 1580 ratio

590 1619 627 1671 3
660 1613 739 1671 ad
768 1617 864 1686 43,
919 1613 1196 1673 aufertur
1223 1634 1259 1672 a
1288 1614 1526 1674 ratione
1570 1622 1606 1674 3
1636 1615 1714 1674 ad
1745 1623 1803 1688 2,
1855 1625 1918 1674 et
1960 1613 2322 1694 relinquitur

586 1707 744 1766 ratio
775 1710 850 1776 4}
879 1707 957 1767 ad
989 1715 1047 1767 2.
1134 1708 1338 1787 Atque
1374 1708 1468 1767 hae
1506 1709 1782 1769 methodi
1819 1709 2014 1769 ambae
2043 1727 2320 1788 compro-

586 1801 812 1861 bantur
840 1822 877 1861 a
909 1801 1116 1862 Clavio
1147 1802 1227 1862 ad
1254 1823 1429 1882 prop.
1461 1811 1561 1877 23,
1593 1803 1783 1863 Elem.
1816 1803 1896 1863 vi.

1247 2237 1420 2296 CAP.
1464 2237 1665 2295 XVII.

700 2378 1089 2420 RESPONSIO
1123 2379 1215 2420 AD
1250 2379 1560 2426 QUAEDAM
1601 2377 1916 2426 QUAESITA
1951 2378 2204 2420 CLAVIl.

586 2474 1012 2533 RESPONDEO
1060 2476 1188 2552 jam
1229 2474 1308 2533 ad
1351 2475 1607 2553 quaesita
1647 2474 1855 2544 Clavii,
1897 2483 1958 2533 et
1996 2475 2193 2552 primo
2236 2475 2316 2535 ad

586 2569 735 2628 hoc:
787 2568 1075 2645 Quifierz'
1093 2575 1324 2647 potest,
1356 2577 1425 2626 ut
1442 2568 1679 2647 positis
1712 2567 1906 2626 tribus
1937 2569 2315 2648 magnitudi-

585 2662 759 2721 nibus
793 2661 1130 2741 oequalibus
1159 2670 1218 2734 4,
1256 2669 1315 2732 4,
1346 2669 1404 2733 4,
1453 2662 1617 2720 ratio
1652 2662 1882 2741 primoe
1928 2662 2019 2721 ad
2065 2662 2314 2722 tertiam

583 2756 779 2836 dupla
830 2755 915 2813 sit
959 2755 1223 2813 rationis
1262 2755 1488 2834 primae
1528 2755 1618 2814 ad
1655 2755 2007 2829 secundam,
2049 2776 2180 2815 cum
2230 2756 2316 2815 sit

581 2851 813 2910 omnino
843 2850 1056 2909 eadem
1080 2854 1115 2909 ,9

667 2945 974 3006 Quoniam
1021 2944 1177 3003 ratio
1220 2943 1433 3022 primae
1477 2951 1512 3002 4
1548 2942 1626 3002 ad
1671 2943 1999 3002 secundam
2029 2951 2088 3016 4,
2120 2963 2312 3022 quan-

581 3041 805 3098 tumvis
852 3038 1251 3117 multiplicata
1292 3058 1605 3116 nunquam
1652 3038 1963 3116 superabit
2011 3037 2311 3098 rationem

580 3134 839 3193 eandem
869 3142 904 3192 4
938 3133 1016 3192 ad
1046 3140 1105 3205 4,
1136 3152 1334 3211 neque
1382 3133 1768 3211 quantumvis
1814 3152 1924 3211 per
1958 3132 2188 3192 medias
2217 3132 2310 3192 in-

578 3228 904 3306 terpositas
951 3227 1144 3286 divisa
1190 3228 1264 3286 ab
1305 3227 1408 3286 illa
1454 3228 1870 3306 superabitur:
1921 3226 2311 3286 manifestum

579 3331 671 3381 est
704 3321 1004 3381 rationem
1035 3328 1071 3379 4
1104 3321 1182 3380 ad
1211 3328 1247 3380 4
1287 3325 1376 3395 (et
1418 3322 1483 3380 in
1526 3322 1898 3394 universum,
1939 3321 2186 3400 aequalis
2231 3320 2312 3380 ad

578 3416 834 3494 aequale)
870 3436 993 3475 non
1038 3435 1168 3475 esse
1215 3416 1637 3494 quantitatem,
1667 3436 1866 3494 neque
1904 3435 2081 3494 posse
2111 3435 2307 3493 aequa-

575 3510 779 3571 litates
829 3510 977 3570 alias
1020 3510 1154 3569 aliis
1189 3511 1447 3588 majores
1475 3510 1573 3569 vel
1611 3510 1876 3569 minores
1915 3528 2066 3568 esse.
2153 3508 2308 3568 Inae-

575 3605 941 3682 qualitatum
993 3613 1198 3665 autem
1245 3604 1362 3664 alia
1409 3604 1528 3664 alia
1578 3604 1771 3681 major
1811 3622 1941 3663 esse
1978 3611 2202 3682 potest,
2245 3611 2308 3661 et
