2462 4120
475 324 593 379 306
944 340 1410 383 PROBLEMATA
1442 341 1764 383 PHYsicA.

193 489 305 522 CAP-
334 492 366 524 1-
475 475 890 537 descensionis
921 478 1180 538 aliorum
1223 501 1548 558 corporum
1593 481 1771 540 facile
1813 478 2219 539 demonstrari

141 602 402 649 &gramm
474 578 693 646 potest.
782 571 943 630 Nam
993 574 1221 650 rejecto
1271 593 1430 644 aere,
1461 594 1706 633 necesse
1738 586 1833 633 est
1871 574 1955 647 (in
1986 571 2216 630 mundo

470 662 678 739 pleno)
714 672 786 721 ut
824 665 888 723 in
939 667 1153 743 rejecti
1200 666 1402 725 locum
1435 687 1504 726 ea
1537 667 1869 726 succedant
1900 686 2037 745 quae
2067 665 2221 724 diffi-

468 756 641 815 cilius
671 758 1051 835 rejiciuntur.

553 849 635 908 A.
680 850 910 908 Verum
952 851 1267 928 supposito
1316 851 1380 908 in
1428 852 1756 928 praesentia
1783 871 2046 911 vacuum
2092 871 2215 909 non

467 961 614 1013 esse,
652 943 819 1018 (nam
852 945 1252 1021 quaestionem
1283 943 1451 1002 illam
1480 944 1545 1002 in
1575 944 1741 1002 aliud
1770 954 2011 1022 tempus
2043 944 2216 1002 diffe-

465 1035 650 1109 ram),
679 1036 783 1112 qui
817 1036 946 1093 fieri
976 1044 1199 1113 potest,
1232 1044 1302 1093 ut
1333 1044 1499 1094 terra
1523 1055 1727 1094 aerem
1751 1046 1857 1096 aut
1886 1037 2066 1096 aliam
2085 1056 2216 1095 rem

467 1147 892 1205 quamcunque
923 1149 959 1186 a
983 1148 1044 1186 se
1070 1127 1354 1205 projiciat
1379 1127 1399 1185 ?

552 1221 633 1281 B.
680 1221 1018 1280 Ostendam
1064 1221 1195 1293 tibi,
1228 1221 1416 1299 idque
1469 1221 1748 1299 exemplo
1789 1221 1970 1280 nimis
1997 1222 2216 1281 famili-

463 1315 574 1373 ari.
665 1315 729 1373 Si
762 1324 1020 1392 utraque
1068 1335 1256 1373 manu
1305 1315 1544 1393 pelvem
1593 1325 1828 1387 tenenS‚
1859 1315 1923 1373 in
1963 1335 2084 1394 qua
2134 1315 2215 1374 sit

460 1408 713 1486 paulum
739 1428 935 1486 aquae,
967 1408 1135 1467 illam
1166 1409 1571 1487 circumagaS‚
1605 1408 1711 1467 sed
1745 1408 1910 1467 intra
1949 1409 2213 1486 spatium

463 1512 760 1578 quantum
791 1511 966 1579 potes
1001 1503 1339 1574 minimum,
1365 1502 1601 1561 videbis
1632 1521 1854 1580 aquam
1882 1521 1993 1580 per
2020 1502 2215 1560 latera

461 1595 653 1672 pelvis
684 1615 1003 1673 assurgere
1037 1605 1099 1654 et
1131 1595 1361 1655 exilire.
1422 1597 1514 1654 Ex
1545 1615 1665 1674 quo
1686 1594 2080 1654 manifestum
2099 1604 2211 1667 est,

461 1697 696 1747 motum
724 1710 853 1748 esse
887 1690 1213 1768 quendam,
1244 1709 1355 1767 per
1387 1709 1570 1768 quem
1599 1689 1664 1747 id
1696 1689 1862 1767 quod
1892 1690 1978 1748 sic
2006 1709 2214 1748 move-

460 1792 564 1840 tur
594 1803 854 1861 corpora
884 1784 1001 1842 sibi
1032 1783 1324 1862 contigua
1352 1792 1414 1843 et
1437 1783 1628 1843 fluida
1656 1803 1693 1843 a
1722 1803 1786 1843 se
1816 1784 2034 1862 rejicit.

544 1875 623 1934 A.
670 1877 882 1935 Talem
932 1885 1169 1936 motum
1219 1896 1349 1937 esse
1397 1886 1568 1936 certo
1619 1877 1763 1936 scio,
1851 1876 1998 1955 Ejus
2051 1876 2213 1935 enim

460 1970 704 2046 generis
729 1979 822 2029 est
853 1980 1052 2029 motus
1083 1970 1183 2029 ille
1213 1990 1333 2047 quo
1357 1969 1626 2047 agricola
1655 1969 1924 2028 cribrum
1955 1969 2214 2028 circum-

459 2063 586 2140 agit
627 2072 696 2122 ut
737 2063 1115 2122 frumentum
1168 2063 1495 2123 cribrando
1555 2071 1796 2141 purget.
1872 2062 2035 2121 Nam
2074 2083 2211 2141 quae

456 2156 664 2232 granis
695 2157 989 2216 frumenti
1020 2177 1281 2236 corpora
1308 2157 1721 2234 heterogenea
1753 2164 1914 2227 sunt,
1955 2156 2035 2215 ad
2084 2175 2212 2215 me-

457 2249 625 2307 dium
678 2250 864 2308 cribri
913 2259 1242 2328 coguntur,
1298 2269 1492 2327 grana
1540 2259 1744 2308 autem
1792 2249 2086 2308 frumenti
2132 2249 2213 2309 ad

455 2343 650 2402 latera
679 2344 1061 2422 rejiciuntur.
1140 2342 1263 2402 Sed
1291 2343 1556 2419 figuram
1586 2351 1788 2402 motus
1824 2363 2006 2420 quem
2037 2343 2210 2415 dicis,

455 2437 821 2515 applicatam
856 2437 1173 2496 videamus
1204 2435 1284 2495 ad
1323 2444 1592 2495 terram:
1646 2444 1717 2494 ut
1755 2445 1992 2495 motum
2038 2436 2211 2494 illum

453 2531 518 2588 in
548 2551 822 2590 convexo
855 2531 1131 2609 sphaerae,
1162 2549 1289 2588 non
1334 2529 1399 2587 in
1429 2529 1602 2607 pelve
1634 2549 1902 2588 concava
1931 2529 2210 2588 conside-

451 2644 675 2684 remus,

539 2718 621 2777 B.
658 2718 750 2778 Sit
772 2719 1036 2778 circulus
1059 2738 1252 2796 punc-

452 2812 564 2871 tim
640 2813 1006 2892 descrithS,
1078 2813 1251 2890 cujus

455 2915 736 2966 centrum
756 2908 830 2966 A.
888 2908 1061 2966 Intra
1088 2907 1252 2965 hunc
1348 2977 1360 2993 f

453 3002 578 3058 sint
653 3010 778 3060 tres
847 3001 1059 3079 circuli
1140 2999 1252 3058 mi·
1305 2994 1350 3085 J

452 3112 656 3164 noreS‚
684 3094 754 3164 Β,
781 3094 847 3165 C,
869 3094 960 3152 D:
1008 3093 1250 3171 quicir-

453 3185 574 3243 culi
604 3186 887 3244 tellurem
912 3206 1243 3264 repraesen-

451 3287 590 3337 tent
632 3280 1069 3356 procedentem
1116 3300 1153 3338 a
1195 3278 1291 3337 Β
1270 3287 1307 3376 Fi,

451 3371 530 3431 ad
561 3372 629 3444 C,
655 3382 719 3431 et
747 3393 784 3431 a
809 3372 858 3431 C
882 3373 960 3431 ad
986 3373 1062 3445 Ι),
1089 3393 1244 3432 sem·
1305 3361 1320 3453 iz„

448 3485 559 3543 per
626 3475 984 3544 tangentem
1048 3466 1245 3525 circu-
1354 3458 1371 3484 i*

445 3558 573 3618 lum
622 3559 793 3619 illum
843 3560 1088 3638 punctis
1136 3560 1241 3619 de-
