2462 4120
586 349 704 403 404
823 360 911 400 DE
947 360 1327 404 PRINCIPIIS
1364 363 1447 404 ET
1481 362 2081 405 RATIOCINATIONE

282 521 529 556 CAP.V111.
582 500 775 577 jorem
811 497 1083 576 ejusdem
1111 501 1371 579 generis.
1458 502 1916 581 Appellabimus
1956 509 2160 560 autem
2203 499 2331 559 hoc‘

290 626 507 674 Deangfflo,
588 611 782 670 genus
833 594 1060 671 anguli,
1114 594 1404 675 angulum
1446 596 1724 675 genitum
1774 617 1852 655 ex
1902 593 2322 666 circulatione,

591 686 717 745 sive
769 695 942 745 motu
991 687 1275 747 circulari
1319 688 1491 747 radii.
1599 690 1812 769 Itaque
1868 689 2069 748 ideam
2116 688 2325 766 anguli

590 781 774 858 hujus
804 781 1044 860 generis
1075 782 1412 860 perfectam
1442 783 1649 841 habes,
1739 783 2042 842 Caeterum
2074 782 2152 842 ad
2183 782 2324 841 defi-

593 874 888 934 nitionem
912 876 1041 953 ejus
1069 875 1427 953 legitimam,
1453 875 1881 954 investiganda
1902 877 2067 954 prius
2091 896 2164 935 ea
2185 884 2327 935 sunt

596 989 734 1047 quae
763 968 878 1047 ipsi
908 979 1051 1028 sunt
1080 968 1444 1028 essentialia.

679 1063 948 1124 Primum
975 1071 1084 1135 est,
1116 1073 1187 1121 ut
1220 1062 1298 1121 sit
1329 1070 1643 1139 quantum.
1732 1063 1870 1122 Hoc
1901 1073 2107 1122 autem
2137 1061 2328 1122 mani-

594 1158 819 1217 festum
850 1167 961 1230 est,
1005 1177 1079 1216 ex
1110 1177 1181 1215 eo
1214 1156 1380 1235 quod
1428 1156 1584 1215 alter
1613 1156 1807 1215 altero
1837 1158 2034 1235 major
2062 1176 2192 1216 esse
2219 1177 2329 1235 po-

594 1260 751 1311 test:
796 1261 863 1311 ut
893 1251 1150 1329 angulus
1182 1249 1344 1309 BAC
1372 1250 1568 1327 major
1596 1258 1687 1309 est
1716 1250 1939 1328 angulo
1971 1250 2165 1309 BAH.

683 1345 987 1416 SecundO,
1020 1344 1164 1422 quia
1194 1344 1402 1423 anguli
1444 1344 1640 1416 BAH,
1677 1344 1817 1403 EAI
1863 1344 2123 1423 aequales
2171 1351 2330 1415 sunt,

600 1440 709 1501 sed
737 1459 934 1518 neque
966 1447 1147 1498 rectae
1171 1439 1301 1512 ΑΒ,
1327 1438 1455 1511 ΑΕ,
1499 1458 1698 1516 neque
1736 1438 1922 1517 plana
1952 1438 2149 1511 ΒΑΗ,
2171 1436 2331 1509 ΕΑΙ,

600 1535 860 1614 aequalia
887 1543 1048 1605 sunt,
1082 1542 1320 1592 certum
1351 1543 1445 1592 est
1475 1533 1641 1611 quod
1680 1533 1944 1592 essentia
1973 1531 2182 1610 anguli
2209 1550 2334 1590 non

602 1629 883 1689 consistit
922 1647 1121 1706 neque
1166 1628 1231 1686 in
1271 1627 1613 1706 quantitate
1654 1627 1952 1686 linearum
1983 1626 2201 1705 quibus
2246 1624 2334 1683 in-

603 1723 890 1794 cluditur,
922 1742 1120 1800 neque
1164 1722 1229 1781 in
1261 1721 1602 1803 quantitate
1643 1721 2099 1800 superficierum
2140 1719 2335 1791 BAH,

600 1817 740 1877 ΕΑΙ
766 1840 779 1875 :
824 1836 1023 1895 neque
1072 1815 1331 1896 denique
1379 1815 1659 1875 consistit
1709 1816 1971 1875 essentia
2018 1813 2226 1892 anguli
2274 1813 2339 1872 in

600 1910 1024 1991 magnitudine
1049 1931 1302 1970 arcuum
1328 1909 1463 1982 ΒΗ,
1485 1910 1587 1982 ΕΙ,
1611 1930 1749 1968 cum
1767 1909 1975 1988 anguli
1998 1908 2113 1987 ipsi
2142 1927 2338 1986 aequa-

601 2007 688 2066 les
719 2006 861 2079 sint,
895 2026 1071 2065 arcus
1100 2005 1361 2084 aequales
1391 2025 1515 2064 non
1546 2005 1686 2064 sint.

694 2101 818 2160 Ubi
848 2121 994 2180 ergo
1024 2101 1401 2159 inveniemus
1431 2099 1842 2178 aequalitatem
1877 2098 2062 2171 illam,
2093 2104 2344 2175 propter

613 2216 796 2274 quam
820 2196 1082 2273 aequales
1113 2195 1400 2254 dicuntur
1431 2194 1551 2253 duo
1583 2194 1790 2272 anguli
1823 2193 2019 2264 ΒΑΗ,
2048 2189 2230 2251 EAI?

696 2290 834 2348 Duo
861 2289 1074 2367 anguli
1106 2289 1299 2361 ΒΑΗ,
1320 2288 1459 2347 ΕΑΙ
1503 2288 1766 2366 aequales
1801 2296 2120 2356 vocantur,
2159 2304 2345 2363 prop-

612 2393 782 2444 terea
811 2384 975 2462 quod
1006 2383 1266 2462 aequales
1296 2393 1439 2441 sunt
1476 2391 1700 2460 partes,
1733 2381 1858 2441 sive
1888 2381 2090 2459 potius
2132 2377 2347 2446 eadem

612 2499 774 2558 pars,
806 2478 998 2536 totius
1030 2476 1511 2535 circumlationis
1553 2476 1728 2535 radii.
1819 2476 1974 2534 Sunt
2015 2474 2178 2533 enim
2223 2471 2345 2531 duo

614 2592 791 2631 arcus
823 2572 939 2630 BH
972 2580 1033 2630 et
1061 2571 1143 2628 EI
1186 2570 1335 2628 facti
1379 2590 1415 2628 a
1454 2579 1627 2629 motu
1663 2568 1836 2641 radii,
1869 2569 1992 2628 sive
2022 2567 2178 2627 recti
2223 2566 2347 2625 sive

618 2666 807 2739 curvi,
840 2665 948 2723 AB
992 2664 1208 2723 eodem
1250 2673 1547 2741 tempore.
1635 2663 1852 2742 Itaque
1883 2661 2199 2741 aequalitas
2241 2680 2350 2719 an-

616 2761 902 2840 gulorum
931 2759 1112 2837 hujus
1158 2758 1398 2836 generis
1429 2758 1704 2817 consistit
1734 2758 1798 2816 in
1829 2757 2180 2835 aequalitate
2209 2773 2349 2833 par-

616 2859 771 2919 tium
796 2856 1088 2934 temporis
1119 2855 1182 2914 in
1206 2875 1325 2934 quo
1346 2855 1662 2914 circulatio
1689 2863 1822 2913 tota
1839 2853 1994 2913 radii
2015 2851 2347 2932 perficitur.

618 2954 823 3030 Atque
852 2950 996 3031 hinc
1027 2959 1136 3022 est,
1168 2970 1281 3008 nec
1318 2948 1582 3020 aliunde,
1616 2948 1781 3026 quod
1809 2956 1941 3007 tum
1971 2947 2179 3026 anguli
2219 2955 2352 3004 tum

620 3056 905 3118 sectoreS,
948 3044 1012 3102 in
1054 3044 1269 3103 eodem
1314 3044 1541 3103 circulo
1574 3043 1819 3122 sumpti,
1852 3051 1993 3101 sunt
2033 3043 2099 3100 in
2139 3039 2353 3100 eadem

620 3141 859 3201 ratione
883 3160 1022 3199 cum
1054 3140 1175 3198 suis
1205 3140 1483 3198 arcubuS.

708 3235 916 3294 Habes
947 3252 1093 3312 ergo
1134 3242 1417 3292 naturam
1462 3232 1671 3311 anguli
1705 3252 1780 3290 ex
1810 3229 2217 3290 circulatione
2243 3248 2355 3309 ge-

622 3329 756 3401 niti,
790 3348 1027 3406 nempe,
1060 3327 1314 3386 eandem
1340 3348 1478 3386 cum
1508 3337 1730 3386 natura
1760 3323 2191 3385 circulationiS.
2277 3322 2357 3380 Et

624 3423 884 3504 angulus
915 3423 1046 3500 ipse
1078 3431 1171 3480 est
1210 3440 1351 3499 pars
1397 3421 1810 3480 circulationis
1854 3419 2060 3479 totiuS.
2145 3417 2225 3475 Et
2259 3434 2355 3474 ar-

627 3538 753 3591 cuS,
797 3526 858 3577 et
905 3515 1113 3594 anguli
1162 3515 1273 3588 sui,
1316 3515 1529 3574 eadem
1574 3523 1664 3574 est
1705 3513 2028 3592 quantitas,
2115 3510 2356 3569 Nomen

630 3622 837 3672 autem
867 3610 1073 3689 anguli
1106 3610 1274 3669 arcui
1306 3610 1516 3669 datum
1548 3618 1659 3682 est,
1690 3616 1941 3687 propter
1985 3606 2174 3666 lineas
2201 3623 2355 3682 quae,
