2462 4120
744 354 1301 397 GEOMETRARUM.
1760 344 1879 399 399

156 492 456 553 directum
470 490 834 569 jacentium,
859 491 1121 550 alterius
1145 491 1235 550 ad
1254 490 1521 550 alteram
1546 491 1877 554 inclinatio.
1948 515 2060 550 OAP.
2086 516 2196 550 v111.

154 586 362 646 Ideam
391 585 517 644 sive
541 583 868 663 imaginem
901 584 1130 662 anguli,
1162 583 1237 642 de
1270 604 1390 662 quo
1424 595 1547 644 tam
1578 587 1768 646 multa
1798 588 1882 647 di·
1949 572 2188 668 ἶζζζέιᾙζ

154 690 379 741 cuntur
396 700 433 738 a
453 679 799 758 geometris,
824 679 1183 757 impressam
1209 679 1412 737 animo
1434 681 1613 757 pauci
1634 681 1883 742 habent.

155 773 463 853 Quicquid
487 773 751 833 maxima
774 793 847 833 ex
871 782 1045 852 parte
1068 773 1131 832 in
1157 773 1476 851 superficie
1505 774 1628 833 late
1651 784 1885 853 patens,

154 869 377 930 desinit
404 868 469 927 in
499 877 846 948 angustum,
872 868 1098 927 dicitur
1127 867 1310 946 vulgo
1342 868 1618 945 angulus,
1677 869 1889 929 Talem

153 963 352 1024 ideam
382 963 609 1042 anguli,
650 963 836 1022 etiam
874 961 1158 1022 Euclides
1199 982 1236 1021 a
1267 961 1608 1039 conspectis
1656 961 1889 1022 duabus

151 1059 328 1119 lineis
373 1058 878 1118 concurrentibus
930 1064 1293 1135 conceptam
1338 1055 1581 1115 videtur
1628 1056 1890 1115 voluisse

153 1153 272 1214 hoc
312 1152 448 1212 loco
480 1152 678 1212 verbis
710 1152 1018 1212 declarare
1046 1174 1060 1210 ε
1117 1170 1338 1229 neque,
1370 1159 1440 1210 ut
1468 1149 1730 1223 videtur,
1762 1170 1890 1209 om-

153 1249 300 1308 nino
332 1247 710 1326 cogitaverat
740 1257 847 1307 aut
870 1246 1186 1306 audiverat
1210 1246 1536 1324 quicquam
1568 1244 1642 1304 de
1666 1245 1889 1323 angulo

154 1352 491 1404 contactus
582 1342 951 1422 Quanquam
982 1342 1144 1401 enim
1181 1341 1399 1419 (Elem.
1431 1341 1515 1399 iii.
1559 1360 1732 1419 prop.
1784 1340 1884 1417 16)

155 1447 414 1498 conatur
460 1438 878 1497 demonstrare
919 1437 1212 1516 angulum
1257 1435 1490 1496 factum
1525 1455 1562 1494 a
1599 1443 1890 1514 tangente

155 1541 217 1593 et
245 1532 734 1593 circumferentia
758 1532 970 1591 circuli
999 1532 1299 1590 minorem
1321 1550 1451 1590 esse
1477 1529 1643 1589 omni
1666 1528 1890 1607 angulo

155 1635 356 1698 acuto,
378 1647 682 1706 nusquam
704 1636 910 1686 tamen
932 1626 1212 1685 nominat
1236 1626 1527 1704 angulum
1550 1632 1890 1696 contactUS‚

156 1741 354 1799 neque
400 1721 476 1780 de
527 1721 630 1780 illo
679 1721 789 1780 sub
841 1720 960 1780 alio
1010 1719 1224 1799 quovis
1271 1720 1518 1779 nomine
1565 1719 1893 1798 quicquam

159 1815 326 1875 dicit.
415 1815 629 1893 Itaque
658 1834 782 1875 non
812 1814 1054 1873 videtur
1081 1814 1344 1873 voluisse
1374 1812 1890 1892 comprehendere

157 1909 273 1968 hac
319 1908 675 1969 definitione
723 1908 1017 1987 angulum
1061 1907 1313 1987 planum
1356 1908 1570 1980 ullum,
1616 1907 1723 1986 qui
1768 1927 1894 1966 non

157 2002 342 2064 fuerit
372 2002 643 2082 ejusdem
674 2002 915 2081 generis
940 2022 1082 2061 cum
1107 2002 1331 2080 angulo
1354 2002 1696 2061 rectilineo:
1731 2000 1896 2080 quod

159 2097 346 2157 etiam
370 2116 445 2156 ex
474 2116 546 2156 eo
572 2096 776 2175 colligi
804 2104 1026 2175 potest,
1052 2095 1217 2174 quod
1246 2095 1321 2154 ad
1354 2095 1562 2174 anguli
1585 2095 1890 2154 definitio-

158 2210 301 2250 nem
347 2191 749 2251 necessariam
795 2190 1103 2269 putaverit
1150 2209 1280 2248 esse
1333 2190 1766 2262 conditionem,
1811 2209 1890 2248 ne

160 2283 329 2344 lineae
359 2305 485 2364 quae
525 2284 821 2366 angulum
862 2283 1133 2362 efficiunt
1162 2284 1424 2362 jaceant
1473 2284 1536 2343 in
1572 2284 1887 2344 directum.

159 2378 388 2438 Verum
434 2379 582 2458 quid
626 2378 889 2438 voluisse
938 2377 1183 2436 videtur
1231 2378 1534 2450 EuclideS‚
1586 2378 1890 2457 conjicere

161 2472 387 2532 frustra
414 2474 565 2533 erit:
617 2474 812 2553 ipsam
843 2472 1261 2532 definitionem
1292 2473 1589 2532 verbatim
1619 2472 1894 2533 conside-

161 2585 384 2626 remus,

248 2659 431 2727 Quod
445 2669 517 2718 ut
546 2660 760 2720 melius
788 2661 1102 2735 faciamus,
1124 2681 1259 2721 cum
1284 2662 1363 2722 sit
1393 2681 1490 2721 res
1511 2661 1657 2721 satis
1682 2659 1889 2739 magni

161 2753 608 2813 mathematicis
639 2756 952 2827 momenti,
984 2776 1240 2834 quaeque
1269 2775 1523 2836 magnas
1560 2756 1724 2814 inter
1756 2754 1891 2814 Cla-

163 2847 329 2906 vium
377 2857 439 2906 et
483 2847 869 2907 Pelletarium
925 2850 1345 2910 contentiones
1399 2850 1708 2922 excitavit,
1762 2868 1890 2907 rem

164 2949 362 3001 totam
391 2940 694 3019 descripta
721 2943 919 3020 figura
945 2964 1243 3022 ponamus
1272 2955 1417 3005 ante
1447 2945 1671 3004 oculos,

252 3035 347 3094 Sit
375 3043 546 3094 recta
568 3035 678 3094 AB
710 3035 900 3096 divisa
940 3037 1221 3097 bifariam
1250 3039 1313 3098 in
1347 3039 1413 3111 C,
1443 3048 1507 3098 et
1545 3038 1730 3097 radiis
1761 3036 1888 3108 AC,

169 3128 272 3187 BC
322 3127 743 3188 describantur
800 3129 920 3189 duo
972 3130 1183 3190 circuli
1228 3131 1328 3204 FI,
1387 3132 1502 3192 GH
1527 3154 1540 3190 ε
1605 3140 1890 3208 secetque

166 3229 336 3281 recta
364 3221 472 3280 ΕΙ)
502 3230 731 3280 rectam
760 3222 869 3282 AB
899 3222 978 3282 ad
1007 3224 1260 3302 angulos
1290 3234 1488 3285 rectos
1516 3225 1578 3284 in
1613 3224 1679 3285 C.

246 3314 576 3375 Videamus
618 3315 838 3394 primo,
869 3336 1149 3394 quaenam
1192 3319 1315 3378 sint
1359 3319 1494 3379 duae
1538 3319 1714 3377 lineae
1755 3335 1889 3394 quae

163 3409 455 3488 angulum
500 3409 897 3482 constituunt,
946 3419 1007 3470 et
1054 3431 1191 3488 quae
1239 3412 1375 3472 duae
1423 3412 1714 3490 angulum
1765 3428 1889 3467 non

163 3502 562 3563 constituunt.
649 3503 859 3562 Rectae
889 3503 1015 3575 DC,
1057 3504 1156 3563 GE
1187 3505 1417 3583 absque
1447 3505 1632 3564 dubio
1664 3501 1888 3562 consti-

163 3604 345 3655 tuunt
374 3595 726 3674 compositae
755 3615 939 3655 unam
980 3606 1209 3657 rectam
1255 3599 1380 3658 DE.
1472 3598 1591 3658 Sed
1621 3617 1699 3656 an
1740 3597 1887 3667 item
