2462 4120
285 501 397 533 CAP.
425 501 499 534 111.

262 557 501 584 *v——d

280 605 337 639 De
356 616 484 641 vacuo.

571 331 692 385 320
1031 342 1501 387 PROBLEMATA
1534 341 1858 384 PHYsloA.

570 487 790 550 tectuS‚
823 498 1005 555 quem
1046 490 1355 540 suctorem
1404 479 1637 551 dicunt,
1691 478 1779 538 ita
1822 477 2123 556 exquisite
2173 497 2321 536 con-

570 591 820 650 gruenS,
851 580 923 631 ut
953 593 1029 631 ne
1061 574 1348 632 minimus
1382 571 1631 650 quidem
1661 591 1765 630 aer
1798 571 1959 630 inter
1989 570 2225 629 corium
2256 580 2320 629 et

572 685 654 724 aes
684 665 917 724 intrare
954 666 1049 743 (ut
1082 667 1331 745 putant)
1366 665 1581 742 possit.

660 758 740 817 B.
790 759 949 819 Scio,
1021 762 1102 819 Et
1132 780 1251 837 quo
1285 768 1493 817 suctor
1537 756 1776 815 facilius
1823 756 2056 816 intrudi
2107 757 2317 834 possit,

571 851 849 911 foramen
881 853 1189 931 quoddam
1220 861 1312 910 est
1351 852 1414 909 in
1462 850 1772 928 superiore
1818 859 1992 928 parte
2039 850 2317 929 cylindri,

571 965 684 1022 per
714 946 877 1023 quod
916 967 1020 1005 aer
1055 947 1186 1024 (qui
1234 945 1493 1004 suctoris
1546 945 1887 1022 ingressum
1931 943 2160 1022 alioqui
2206 944 2318 1003 im-

573 1038 783 1116 pedire
829 1040 1060 1117 posset)
1112 1039 1447 1098 emittatur.
1543 1036 1727 1097 Quod
1764 1037 2040 1096 foramen
2080 1038 2317 1116 aperire

571 1141 828 1208 possunt
873 1141 935 1190 et
993 1132 1275 1190 claudere
1336 1131 1576 1208 quoties
1636 1149 1780 1188 usus
1838 1131 2125 1207 postulat.
2210 1131 2322 1190 Est

573 1225 757 1283 etiarn
788 1226 852 1283 in
882 1226 1143 1303 cylindri
1176 1225 1308 1283 cavi
1340 1244 1582 1283 recessu
1621 1243 1858 1282 summo
1906 1223 2085 1282 datus
2115 1224 2319 1284 aditus

574 1318 702 1377 aeri
736 1319 800 1377 in
840 1320 1092 1397 globum
1139 1339 1497 1390 concavum,
1546 1318 1845 1375 vitreum:
1902 1336 2084 1393 quem
2137 1317 2322 1377 etiam

573 1411 810 1470 aditum
830 1413 1125 1471 clavicula
1144 1413 1433 1471 obturare
1459 1420 1520 1470 et
1545 1410 1782 1488 aperire
1802 1420 2062 1488 possunt
2083 1411 2321 1488 quoties

572 1506 807 1564 volunt.
862 1506 1140 1584 Denique
1163 1507 1225 1564 in
1250 1506 1433 1583 globo
1459 1506 1657 1563 vitreo
1682 1523 1919 1562 summo
1953 1503 2322 1582 relinquitur

571 1597 847 1658 foramen
879 1600 1025 1658 satis
1057 1599 1347 1677 amplum,
1377 1597 1705 1672 (clavicula
1735 1597 1883 1655 item
1914 1596 2322 1657 claudendum

574 1700 636 1750 et
665 1691 1155 1768 recludendum),
1186 1701 1257 1751 ut
1287 1692 1351 1750 in
1382 1692 1552 1750 illum
1580 1711 1718 1769 quae
1741 1690 1956 1750 volunt
1987 1691 2322 1750 immittere

571 1786 810 1862 possint
839 1786 1194 1863 experiendi
1224 1805 1426 1845 causa.
1524 1786 1683 1844 Tota
1735 1784 1998 1862 denique
2039 1785 2324 1844 machina

571 1898 697 1937 non
745 1879 1005 1938 multum
1060 1879 1286 1952 differt,
1339 1880 1390 1938 si
1447 1886 1734 1938 naturam
1786 1878 1916 1955 ejus
1975 1887 2233 1956 specteS,
2287 1898 2324 1937 a

573 1971 849 2050 sclopeto
882 1992 955 2031 ex
1004 1974 1295 2032 sambuco
1338 1993 1460 2051 quo
1504 1971 1679 2050 pueri
1722 1991 1785 2030 se
1828 1970 2139 2030 delectant
2183 1972 2322 2030 imi-

572 2075 775 2124 tantes
816 2066 1123 2144 sclopetos
1169 2066 1450 2137 militum,
1495 2064 1614 2124 nisi
1658 2064 1821 2142 quod
1875 2066 2071 2142 major
2114 2065 2213 2137 sit,
2262 2074 2326 2124 et

571 2160 804 2236 majore
836 2168 967 2219 arte
997 2159 1350 2232 fabricatuS,
1379 2168 1440 2218 et
1463 2158 1655 2237 pluris
1688 2166 1947 2217 constet.
2002 2158 2326 2218 Suctorem

573 2263 782 2311 autem
811 2253 1138 2312 intrudunt
1169 2262 1229 2312 et
1261 2253 1566 2312 revellunt
1601 2251 1772 2330 (quia
1802 2251 1863 2310 vi
1905 2271 2131 2329 magna
2172 2271 2325 2329 opus

574 2346 693 2422 est)
722 2366 847 2404 non
874 2347 1155 2404 manibus
1176 2366 1434 2424 semper,
1459 2345 1566 2404 sed
1590 2346 1809 2423 saepius
1835 2345 2084 2404 cochlea
2106 2345 2324 2405 ferrea.

575 2438 698 2498 Sed
742 2439 890 2516 quid
931 2439 1098 2498 vides
1145 2448 1213 2498 tu
1259 2439 1322 2496 in
1368 2447 1542 2497 tanto
1583 2448 1885 2516 apparatu
1937 2448 2000 2497 et
2044 2439 2324 2514 artificiO,

575 2533 740 2612 quod
772 2534 993 2610 probet
1025 2533 1156 2591 dari
1189 2552 1446 2591 vacuum
1476 2532 1495 2590 ἒ

662 2627 741 2686 Α.
790 2627 1001 2701 Video,
1037 2627 1086 2684 si
1126 2634 1335 2685 suctor
1365 2626 1653 2685 trudatur
1695 2646 1890 2704 usque
1942 2626 2022 2685 ad
2066 2627 2326 2687 fundum

576 2719 835 2800 cylindri
865 2719 1038 2791 aenei,
1065 2720 1551 2797 obturenturque
1575 2720 1897 2792 foramina,
1924 2730 2328 2798 sequuturum

576 2834 728 2886 esse,
788 2813 934 2871 dum
993 2821 1200 2872 suctor
1257 2813 1611 2886 retrahitur,
1664 2814 1870 2872 locum
1927 2813 1992 2872 in
2051 2815 2327 2893 cylindro

577 2928 727 2967 cavo
778 2907 1060 2965 relictum
1107 2906 1238 2965 fore
1291 2927 1574 2966 vacuum.
1663 2907 1844 2979 Nam,
1892 2917 1964 2966 ut
2010 2908 2074 2966 in
2125 2909 2328 2968 locum

578 3003 708 3079 ejus
740 2999 1028 3059 succedat
1059 3019 1182 3072 aer,
1215 3009 1309 3059 est
1339 3000 1732 3078 impossibile.

664 3094 744 3153 B.
794 3093 992 3152 Credo
1038 3093 1322 3172 equidem
1357 3104 1666 3153 suctorem
1709 3114 1850 3153 cum
1893 3093 2155 3172 cylindri
2196 3095 2330 3154 cavi

579 3187 899 3266 superficie
954 3188 1102 3246 satis
1161 3196 1331 3246 arcte
1381 3188 1690 3247 cohaerere
1749 3188 1829 3246 ad
1882 3187 2330 3246 excludendum

580 3292 852 3341 stramen
878 3290 939 3339 et
957 3281 1248 3358 plumam,
1269 3302 1394 3340 non
1416 3291 1621 3341 autem
1646 3302 1847 3341 aerem
1867 3301 2066 3359 neque
2089 3302 2328 3360 aquam.

582 3375 802 3453 Cogita
850 3374 1013 3432 enim
1063 3374 1226 3451 quod
1268 3395 1390 3433 non
1438 3375 1527 3433 ita
1568 3384 1853 3434 accurate
1897 3384 2328 3452 congruerent,

583 3470 730 3548 quin
768 3468 1177 3546 undequaque
1215 3469 1615 3528 interstitium
1656 3470 2109 3548 relinqueretur
2139 3489 2331 3547 quan-

580 3572 712 3621 tum
743 3562 1085 3621 tenuissimi
1123 3563 1325 3640 capilli
1359 3584 1552 3642 capax
1583 3573 1759 3623 esset.
1852 3565 2142 3623 Retracto
2180 3583 2328 3641 ergo
