2462 4120
516 363 632 428 274
1051 381 1138 422 DE
1174 382 1452 425 NATURA
1485 383 1707 426 Aulus,

516 536 657 575 nam
690 517 976 591 Hobbii,''
1008 520 1321 600 inquiebat
1370 523 1632 582 Owenus
1675 520 2229 581 vice-cancellarius

518 610 758 682 Oxonii,
789 616 1219 693 “quaecunque
1255 635 1326 674 ea
1372 616 1449 675 sit
1495 636 1618 675 non
1665 616 2020 693 recipiemus
2040 614 2123 689 ''):
2172 622 2233 672 et

518 703 682 781 quod
708 705 1049 782 paucissimi
1079 717 1220 767 sunt
1249 729 1455 768 eorum
1487 710 1589 787 qui
1619 710 1899 768 scientias
1944 708 2232 786 profiten-

517 808 638 867 tur,
670 799 772 877 qui
800 800 1088 860 veritates
1129 802 1399 861 difficiles
1435 803 1510 861 ab
1547 802 1678 860 aliis
1721 823 1899 881 quam
1946 823 1983 860 a
2031 821 2093 860 se
2144 801 2233 858 in-

517 901 728 951 ventas
759 912 887 953 esse
916 915 1040 953 non
1072 894 1335 954 doleant.
1425 895 1547 954 Sed
1575 896 1757 954 missa
1775 896 1905 955 haec
1924 895 2231 967 facientes,

517 1005 838 1065 pergamus
879 988 958 1047 ad
1002 989 1402 1067 phaenomena
1443 989 1694 1067 physica
1723 1010 1977 1067 quorum
2024 1007 2234 1047 causas

519 1100 643 1140 non
674 1102 710 1140 a
736 1082 1017 1140 machina
1056 1083 1193 1154 ista,
1226 1082 1333 1141 sed
1362 1082 1603 1141 aliunde
1645 1082 1927 1142 didicitis.
2015 1081 2236 1160 Imagi-

518 1194 666 1234 nare
706 1176 1002 1252 sphaeram
1055 1176 1328 1248 vitream,
1374 1196 1603 1248 cavam,
1652 1196 1685 1234 e
1736 1196 1857 1253 qua
1899 1176 2236 1254 promineat

520 1269 760 1342 collum,
784 1269 934 1327 illud
964 1288 1203 1347 quoque
1233 1287 1466 1328 cavum.
1553 1270 1666 1328 Per
1695 1270 1918 1328 collum
1948 1269 2236 1328 immitta-

518 1371 620 1422 tur
642 1362 844 1421 fistula
872 1382 1057 1433 aenea,
1090 1381 1224 1439 quae
1258 1362 1556 1421 transiens
1596 1383 1705 1441 per
1741 1373 2019 1422 centrum
2055 1363 2240 1440 perti-

520 1465 666 1515 neat
694 1456 819 1515 fere
849 1455 927 1515 ad
948 1455 1221 1515 fundum.
1311 1457 1402 1516 Sit
1431 1466 1634 1515 autem
1663 1457 2055 1516 interstitium
2078 1456 2239 1514 inter

523 1551 744 1610 collum
776 1560 836 1610 et
877 1550 1205 1609 immissam
1244 1551 1508 1610 fistulam
1554 1551 1640 1610 ita
1678 1551 1966 1624 clausum,
1995 1559 2068 1609 ut
2113 1549 2239 1611 aeri

521 1645 793 1723 pervium
847 1664 969 1702 non
1021 1644 1115 1702 sit.
1203 1645 1316 1703 Per
1364 1645 1629 1704 fistulam
1682 1646 1859 1704 simul
1907 1655 1969 1704 et
2016 1643 2238 1703 collum

521 1738 971 1816 transadigatur
1001 1738 1312 1810 clavicula,
1344 1759 1463 1817 qua
1491 1739 1678 1817 possit
1710 1739 2000 1799 transitus
2030 1737 2156 1798 aeri
2180 1745 2246 1796 et.

523 1852 696 1910 aquae
724 1831 818 1890 vel
850 1831 980 1890 dari
1009 1830 1104 1891 vel
1141 1833 1375 1891 obstrui
1422 1832 1500 1891 ad
1543 1833 1802 1892 libitum.
1889 1832 2102 1892 Totius
2147 1831 2240 1890 in-

525 1926 847 1986 strumenti
876 1926 1133 2003 figuram
1161 1925 1365 1985 videre
1394 1936 1567 2004 potes
1599 1926 1677 1985 ad
1713 1927 1896 1985 finem
1937 1946 2068 2004 cap.
2099 1925 2240 1984 xxvi

523 2019 663 2079 libri
705 2019 1014 2078 Hobbiani
1061 2038 1150 2079 DE
1198 2038 1535 2080 CORPORE.
1621 2020 1693 2078 In
1737 2021 2034 2098 sphaeram
2081 2019 2240 2078 hanc

524 2115 779 2174 vitream
809 2115 858 2173 si
898 2135 1053 2193 aqua
1096 2134 1205 2193 per
1250 2115 1512 2174 fistulam
1550 2114 1858 2193 injiciatur
1901 2133 2124 2192 magna
2160 2113 2240 2185 vi,

531 2207 625 2284 (ut
661 2208 733 2267 fit
775 2207 837 2266 in
869 2207 1276 2287 clysteribus),
1304 2228 1605 2287 operaque
1650 2216 1962 2287 repetatur
2009 2207 2242 2286 quoties

525 2302 720 2361 visum
752 2302 883 2375 erit,
913 2302 1138 2381 (potest
1170 2311 1386 2366 ,autem
1414 2303 1531 2362 hoc
1576 2302 1759 2362 modo
1807 2321 1962 2381 aqua
2006 2301 2244 2379 impleri

526 2396 766 2455 circiter
795 2396 1045 2475 sphaerae
1075 2396 1387 2474 dodrans),
1411 2396 1648 2469 deinde,
1672 2396 1722 2455 si
1750 2414 1925 2455 versa
1954 2394 2246 2453 clavicula

527 2490 723 2550 exitus
753 2492 1021 2569 patefiat,
1053 2511 1211 2570 aqua
1241 2490 1573 2551 ascendens
1602 2489 1892 2568 paulatim
1923 2489 2116 2548 omnis
2141 2489 2250 2567 eji-·

526 2583 738 2643 cietur.
826 2584 1082 2644 Causam
1119 2585 1299 2663 hujus
1344 2584 1725 2664 phaenomeni
1773 2582 2049 2642 Hobbius
2086 2582 2244 2642 hanc

527 2678 813 2757 assignat.
898 2679 1040 2752 Aer,
1084 2700 1203 2759 quo
1234 2680 1309 2739 ab
1339 2678 1514 2738 initio
1543 2678 1782 2757 sphaera
1810 2674 2060 2755 plenus*
2093 2684 2242 2750 erat,

526 2793 566 2832 a
595 2774 963 2852 corpusculis
986 2774 1102 2834 illis
1133 2774 1344 2834 terreis
1375 2782 1573 2838 motus
1602 2780 1774 2831 motu
1802 2770 2081 2830 circulari
2108 2770 2247 2830 sim-

527 2866 685 2944 plice
716 2887 893 2945 quem
937 2868 1116 2946 paulo
1147 2877 1289 2927 ante
1321 2865 1763 2944 descripsimuS,
1802 2864 1864 2923 vi
1903 2864 2246 2943 injectionis

532 2968 797 3034 coactuS,
830 2962 1195 3043 quiquidem
1224 2982 1410 3040 purus
1434 2971 1526 3020 est
1555 2961 1680 3019 exit
1711 2979 1930 3038 aquam
1959 2960 2246 3038 injectam

530 3063 854 3134 penetrans
883 3056 954 3139 in·
986 3077 1186 3116 aerem
1215 3057 1641 3127 extrinsecum,
1670 3055 1872 3114 locum
1902 3054 2246 3132 relinquens

531 3169 722 3228 aquae.
784 3150 1065 3228 Sequitur
1095 3171 1260 3229 ergo,
1281 3149 1650 3228 corpusculis
1668 3148 1786 3207 illis
1811 3147 2026 3207 terreis
2047 3147 2244 3207 minus

530 3243 791 3322 relinqui
820 3243 955 3316 loci,
999 3245 1061 3303 in
1094 3265 1212 3323 quo
1242 3253 1476 3304 motum
1506 3263 1680 3302 suum
1710 3242 2050 3301 naturalem
2079 3261 2247 3301 exer-

533 3357 671 3397 cere
726 3337 977 3416 possint.
1072 3338 1284 3416 Itaque
1340 3339 1405 3397 in
1461 3357 1524 3397 se
1574 3346 1786 3396 mutuo
1843 3336 2246 3415 impingentes

531 3452 751 3510 aquam
792 3440 1013 3511 urgent
1041 3432 1119 3491 ad
1162 3452 1506 3511 egressum:
1551 3430 1962 3510 egredientem
2004 3450 2107 3491 aer
2145 3450 2247 3490 ex-

952 3636 978 3667 *
1017 3636 1285 3695 “Plenus,'⁷
1310 3638 1423 3685 edit.
1455 3639 1574 3685 1661
1603 3642 1652 3684 et
1679 3637 1819 3683 1668.
