2462 4120
224 509 336 542 CAP.
362 511 510 546 XXIII.

246 569 483 595 κ--Ὺῄα

202 616 258 650 De
276 618 478 662 quantitate

200 674 309 705 rcctae
327 673 533 717 compositae

201 735 246 758 ex
273 726 375 760 radio
393 738 405 761 ‹
415 726 534 770 ncuh,

200 783 267 815 etc.

560 339 681 392 458
791 351 880 392 DE
918 353 1300 396 PRINCIPIIS
1338 346 1421 398 ΕΤ
1454 355 2059 400 RA'rlooINATIONE

556 488 687 548 AB.
777 490 898 550 Sed
938 500 1008 551 ut
1041 490 1248 566 }radii
1278 493 1387 552 AB
1430 494 1509 553 ad
1554 494 1820 555 mediam
1865 496 1980 569 Bd,
2030 496 2118 555 ita
2159 505 2302 556 sunt

558 583 678 642 duo
730 584 1059 659 semiradii,
1090 586 1155 645 id
1183 598 1277 647 est
1309 588 1441 658 AB,
1481 588 1559 648 ad
1598 588 1863 648 mediam
1905 589 2068 649 inter
2096 589 2206 648 AB
2237 599 2302 649 et

557 678 826 756 quinque
858 681 1234 741 semiradiOS.
1320 683 1433 741 Est
1463 691 1668 742 autem
1703 684 1846 757 ΒΜ,
1878 694 1949 743 ut
1977 683 2163 743 modo
2195 683 2301 743 de-

555 782 963 834 monstratum
999 786 1111 847 est,
1154 776 1355 835 media
1397 777 1560 836 inter
1592 778 1701 836 AB
1733 787 1795 837 et
1823 779 2090 858 quinque
2121 779 2301 838 semi-

554 866 777 927 radiOS.
867 869 1025 929 Sunt
1055 890 1202 948 ergo
1229 869 1343 941 Db,
1375 871 1495 944 Dd,
1527 871 1661 944 DC,
1683 872 1827 947 ΒΜ,
1852 882 1915 932 et
1945 873 2301 953 quintuplus

555 961 935 1035 semiradiuS,
968 963 1257 1022 continue
1308 964 1817 1042 proportionales.
1905 966 2106 1026 Ducta
2151 986 2298 1044 ergo

553 1056 673 1127 Ad,
706 1065 767 1115 et
796 1057 1115 1135 producta,
1146 1057 1376 1116 incidet
1405 1058 1470 1115 in
1500 1058 1568 1116 M
1596 1081 1610 1117 :
1655 1068 1983 1138 propterea
2013 1060 2180 1140 quod
2209 1070 2301 1121 est

552 1160 624 1210 ut
653 1150 777 1209 ΜΒ
808 1151 887 1210 ad
918 1151 1047 1223 BA,
1094 1152 1183 1210 ita
1222 1151 1350 1224 BA,
1402 1151 1466 1210 id
1505 1161 1598 1212 est
1639 1153 1771 1226 AD,
1809 1153 1889 1213 ad
1919 1154 2040 1214 Dd.
2129 1155 2300 1216 Quo-

552 1245 718 1304 niam
749 1264 896 1323 ergo
929 1245 1417 1304 demonstratum
1449 1254 1560 1319 est,
1595 1266 1727 1325 cap.
1761 1267 1863 1318 xx,
1897 1257 1958 1307 et
1985 1247 2299 1309 defensum

554 1360 688 1418 cap.
718 1340 842 1412 xxi,
877 1350 1092 1398 contra
1125 1339 1502 1417 Hugenium,
1535 1341 1640 1419 qui
1667 1342 1986 1420 problema
2012 1342 2130 1401 hoc
2157 1362 2300 1421 pro-

551 1434 910 1493 fundissime
957 1434 1425 1511 contemplatuS,
1467 1444 1528 1494 et
1570 1455 1645 1494 ex
1673 1435 1989 1515 principiis
2027 1437 2300 1498 Euclidis

551 1528 1006 1588 accuratissime
1031 1528 1432 1588 ratiocinatus
1463 1539 1574 1599 est,
1594 1540 1827 1589 rectam
1852 1532 1974 1590 ΒΜ
2000 1531 2298 1610 aequalem

551 1643 681 1683 esse
706 1623 876 1682 arcui
908 1623 1037 1693 BD,
1070 1623 1448 1702 eandemque
1499 1625 1683 1684 modo
1726 1625 1967 1685 ostendi
1998 1626 2298 1705 aequalem

551 1738 681 1777 esse
712 1718 930 1777 mediae
974 1717 1136 1777 inter
1175 1718 1285 1777 AB
1317 1728 1377 1778 et
1408 1720 1674 1798 quinque
1706 1721 1987 1780 semisses
2019 1720 2296 1799 ejusdem

548 1813 679 1886 AB,
713 1814 1006 1893 sequitur,
1037 1822 1362 1892 propterea
1391 1814 1555 1892 quod
1602 1814 1712 1873 AB
1762 1826 1856 1874 est
1897 1814 2104 1874 radius
2149 1835 2298 1893 qua-

550 1908 785 1967 drantis
815 1908 1065 1987 aequalis
1095 1918 1282 1968 rectae
1315 1909 1458 1981 BM,
1491 1917 1722 1968 rectam
1752 1909 1860 1968 Dd
1894 1928 2026 1968 esse
2054 1908 2296 1968 radium

548 2003 906 2082 quadrantis
937 2003 1186 2082 aequalis
1217 2002 1330 2062 AB
1357 2030 1372 2073 ;
1418 2013 1479 2062 et
1511 2002 1661 2063 duas
1693 2003 1938 2082 quintas
1967 2002 2127 2062 radii
2158 2002 2293 2077 AB,

547 2119 766 2178 nempe
796 2098 910 2170 Db,
935 2118 1064 2157 esse
1094 2098 1336 2157 radium
1365 2098 1722 2177 quadrantis
1746 2098 1853 2157 Dd
1871 2124 1886 2167 ;
1918 2108 1981 2158 et
2007 2098 2294 2178 denique,

547 2202 780 2252 rectam
812 2193 935 2252 ΒΜ
968 2213 1099 2252 esse
1140 2193 1382 2252 radium
1429 2191 1787 2272 quadrantis
1835 2193 2086 2272 aequalis
2116 2192 2294 2271 quin-

547 2288 734 2365 tuplae
766 2288 897 2357 CN,
928 2288 992 2347 id
1042 2296 1134 2348 est
1180 2288 1502 2367 quintuplo
1542 2287 1889 2347 semiradio.
1980 2287 2160 2347 Unde
2190 2308 2295 2347 ex-

548 2382 746 2460 surgit
804 2383 1009 2456 etiam,
1062 2392 1297 2442 rectam
1355 2382 1471 2442 Del
1516 2382 1815 2461 aequalem
1871 2402 2002 2441 esse
2061 2382 2295 2442 duabus

550 2476 778 2555 quintis
827 2497 1004 2535 arcus
1046 2475 1177 2535 BD.
1267 2476 1423 2537 Quae
1476 2475 1680 2534 omnia
1717 2475 1872 2535 vidit
1919 2474 2186 2554 quidem,
2232 2484 2295 2535 et

548 2570 744 2630 edidit
773 2571 1076 2649 Josephus
1109 2570 1415 2648 Scaliger:
1462 2569 1570 2628 sed
1617 2589 1756 2628 cum
1808 2589 1933 2628 non
1980 2578 2147 2629 recte
2187 2569 2293 2628 de-

546 2674 964 2736 monstrasset,
1004 2665 1317 2723 damnavit
1351 2664 1501 2741 ipse,
1539 2663 1626 2722 nil
1673 2663 1960 2723 dubitans
2005 2663 2082 2723 de
2122 2663 2293 2743 prin-

547 2759 719 2838 cipiis
737 2759 1039 2818 Euclidis:
1071 2758 1178 2818 sed
1201 2768 1528 2837 postquam
1550 2757 1766 2817 fuisset
1792 2758 2074 2818 convitiis
2095 2758 2292 2818 Clavii

545 2852 950 2912 acerbissimis
982 2862 1288 2912 oneratus

628 2947 1102 3006 Consideremus
1134 2967 1299 3005 nunc
1330 2945 1544 3005 eadem
1566 2945 1699 3005 haec
1730 2945 1793 3004 in
1823 2947 2114 3006 numeris,
2185 2945 2290 3006 Ad

545 3040 667 3100 EM
697 3041 1020 3120 adjiciatur
1050 3042 1156 3099 Me
1186 3040 1434 3118 aequalis
1459 3040 1569 3100 ΡΟ,
1594 3066 1608 3109 ;
1642 3039 1881 3118 eritque
1912 3040 2010 3099 Ne
2038 3040 2289 3121 aequalis

545 3136 682 3208 OQ,
714 3135 779 3195 id
809 3146 902 3195 est
931 3135 1058 3205 GV,
1087 3134 1152 3193 id
1200 3145 1292 3194 est
1337 3134 1537 3193 tertiae
1581 3133 1743 3212 parti
1796 3134 2106 3194 semiradii
2135 3132 2286 3202 BG;

544 3230 805 3290 semissis
836 3240 1041 3289 autem
1071 3238 1257 3288 rectae
1289 3228 1402 3299 Ne,
1426 3228 1531 3308 qui
1555 3229 1634 3287 sit
1657 3228 1774 3302 Nr,
1800 3229 1918 3288 erit
1946 3238 2118 3289 sexta
2145 3249 2288 3308 pars

544 3325 814 3405 ejusdem
846 3325 969 3384 BG.

623 3421 760 3480 Erit
807 3439 953 3498 ergo
990 3417 1357 3498 quadratum
1386 3439 1423 3477 a
1452 3416 1563 3479 BG
1593 3417 1826 3496 aequale
1858 3423 1935 3476 36
1969 3417 2285 3496 quadratis

542 3516 621 3575 ad
666 3515 780 3575 Nr.
866 3516 976 3574 Est
1022 3522 1226 3573 autem
1277 3522 1447 3573 recta
1490 3511 1607 3572 BN
1652 3511 2055 3590 octodecupla
2096 3511 2286 3591 ipsius

541 3611 655 3685 Nr,
702 3622 763 3671 et
802 3608 1059 3690 proinde
1107 3608 1473 3688 quadratum
1522 3608 1652 3686 ejus
1703 3607 1935 3686 aequale
1983 3613 2100 3667 324
2135 3625 2282 3684 qua-
