2462 4120
580 356 699 410 288
1106 370 1192 412 DE
1227 369 1506 413 NATURA
1538 369 1763 412 Aums.

660 505 741 566 A.
786 506 877 565 Ex
905 507 1034 586 ipsa
1061 509 1291 569 videbis
1323 508 1687 568 refutatione
1717 528 1852 585 quae
1882 507 2172 587 sequitur.

663 603 701 629 ‘⁶
727 600 975 662 Summa
1024 603 1325 663 dictorum
1372 603 1436 660 in
1486 601 2102 681 pseudodiplasiasmo
2156 601 2296 661 cubi

577 712 829 772 nupero,
853 697 1119 756 rescissis
1151 717 1284 776 quae
1315 706 1447 755 tum
1475 696 1539 754 in
1570 695 1873 755 schemate
1903 707 2034 756 tum
2061 696 2126 755 in
2150 716 2291 756 con-

577 789 1005 850 structionibus
1038 799 1178 850 sunt
1208 790 1528 868 superflua,
1558 789 1687 848 haec
1718 800 1826 848 est.

660 885 697 912 “
715 882 1004 961 Exposita
1025 885 1076 943 A
1093 885 1144 943 D
1164 883 1373 942 recta*
1393 883 1781 943 continuetur
1803 883 1881 943 ad
1897 883 1970 956 V,
1987 892 2057 943 ut
2085 883 2164 942 sit
2182 882 2294 942 DV

577 976 808 1036 semissi
859 987 1041 1038 rectae
1085 978 1204 1036 AD
1256 977 1522 1055 aequaliS.
1611 977 1835 1037 Centro
1880 977 1956 1050 A,
2007 977 2296 1036 distantia

574 1070 716 1144 AD,
749 1071 1046 1131 scribatur
1075 1071 1195 1131 DO
1228 1070 1438 1130 circuli
1470 1070 1791 1149 quadrans,
1813 1070 2074 1130 bisectus
2102 1071 2166 1129 in
2198 1071 2292 1139 Q

576 1172 638 1224 et
687 1165 796 1226 ΘΞ
845 1175 1028 1225 rectae
1073 1165 1194 1224 AD
1240 1166 1773 1244 perpendicularis,
1861 1165 2102 1224 Bisecta
2149 1185 2292 1224 vero

576 1258 683 1318 SD
714 1260 778 1318 in
806 1260 875 1332 Τ,
902 1267 1109 1319 centro
1134 1259 1203 1331 T,
1235 1259 1492 1318 ducatur
1520 1278 1631 1338 per
1660 1258 1715 1316 V
1743 1258 2003 1317 circulus
2026 1259 2290 1317 VXYZ.

575 1351 688 1411 Cui
718 1362 997 1412 occurrat
1019 1353 1165 1424 DX,
1190 1362 1376 1411 rectae
1401 1352 1525 1412 AD
1555 1350 2092 1431 perpendiculariS,
2116 1351 2179 1411 in
2200 1352 2289 1411 X:

573 1445 1347 1507 ADinY:etQSinZ.
1806 1511 1811 1513 ,

657 1540 992 1599 “Affirmat
1032 1548 1230 1599 rectas
1260 1539 1399 1612 DY,
1439 1540 1587 1613 DX,
1628 1539 1856 1599 medias
1880 1558 2010 1599 esse
2039 1559 2291 1620 propor-

572 1634 827 1694 tionales
856 1635 1017 1694 inter
1045 1634 1168 1694 DA
1197 1643 1260 1694 et
1290 1634 1430 1695 DV.
1518 1634 1703 1695 Quod
1746 1635 1832 1695 sic
1874 1645 2132 1694 conatur
2187 1634 2290 1694 de-

571 1737 926 1788 monstrare.

655 1826 694 1852 “
716 1823 932 1882 Ductis
974 1823 1158 1883 rectis
1205 1824 1350 1898 VX,
1381 1823 1526 1894 XY,
1558 1823 1672 1883 erit
1717 1823 1974 1903 angulus
2001 1822 2190 1882 VXY
2227 1822 2291 1882 in

570 1916 946 1976 semicirculo
999 1926 1200 1977 rectus
1225 1940 1238 1975 :
1299 1917 1600 1996 ductaque
1639 1917 1762 1976 XT
1808 1926 1868 1977 et
1914 1917 2287 1990 continuata,

568 2020 816 2090 propter
846 2010 1138 2071 bisectam
1171 2012 1278 2071 SD
1315 2012 1379 2072 in
1406 2012 1476 2085 T,
1523 2019 1800 2071 occurret
1845 2011 2070 2071 circulo
2114 2010 2179 2070 in
2221 2011 2287 2070 Z.

571 2105 863 2184 Adeoque
895 2105 1082 2165 ducta
1108 2106 1237 2176 YZ,
1267 2106 1383 2166 erit
1417 2106 1674 2185 angulus
1703 2106 1883 2165 XYZ
1924 2106 1988 2165 in
2028 2105 2293 2165 semicir-

572 2200 708 2259 culo
740 2210 942 2260 rectus
969 2222 982 2258 :
1028 2200 1279 2279 ipsaque
1307 2200 1418 2259 YZ
1457 2210 1638 2260 rectae
1666 2201 1792 2259 XV
1819 2199 2126 2279 parallela.

654 2293 1089 2354 “Producatur
1131 2294 1259 2353 XD
1300 2294 1378 2354 ad
1420 2294 1485 2367 P,
1534 2302 1605 2353 ut
1650 2294 1727 2354 sit
1775 2294 1889 2353 DP
1944 2301 2127 2354 rectae
2169 2293 2290 2352 AD

569 2387 835 2466 aequaliS.
882 2387 946 2447 Si
975 2387 1180 2467 itaque
1203 2388 1312 2447 YZ
1342 2387 1640 2467 producta
1660 2396 1843 2447 rectae
1873 2388 1984 2447 ΡΙ)
2010 2397 2292 2447 occurrat

567 2480 631 2539 in
660 2492 888 2559 puncto
921 2482 984 2554 P,
1009 2490 1187 2541 erunt
1216 2481 1491 2560 (propter
1520 2480 1738 2540 similia
1768 2481 2073 2560 triangula
2093 2481 2288 2554 PDY,

566 2576 776 2647 YDX,
806 2576 1022 2652 XDV)
1066 2586 1249 2635 rectae
1279 2576 1411 2649 DP,
1453 2575 1592 2648 DY,
1642 2574 1788 2648 DX,
1835 2575 1957 2634 DV
2002 2574 2290 2634 continue

565 2671 1068 2748 proportionales.
1155 2671 1236 2730 Et
1285 2679 1727 2748 consequenter
1784 2667 2060 2748 (propter
2104 2670 2290 2729 cubos

566 2763 630 2823 in
679 2765 915 2824 ratione
964 2765 1220 2824 laterum
1275 2763 1607 2843 triplicata)
1664 2763 1854 2823 cubus
1903 2763 2109 2823 lateris
2169 2762 2291 2822 DY

567 2858 899 2937 subduplus
940 2860 1079 2918 cubi
1118 2859 1325 2920 lateris
1364 2859 1475 2918 DP
1520 2858 1645 2918 sive
1683 2857 1825 2918 DA.
1911 2857 2111 2936 Atque
2149 2857 2291 2917 hac-

566 2962 742 3012 tenus
773 2962 958 3012 recte.

649 3050 687 3078 ‘⁶
711 3047 966 3128 Rectam
1007 3057 1211 3107 autem
1239 3047 1350 3107 YZ
1396 3047 1812 3107 continuatam
1857 3055 2087 3126 puncto
2118 3046 2165 3107 P
2186 3066 2288 3106 oc-

565 3160 828 3213 currere,
858 3141 1116 3220 probare
1146 3136 1372 3201 frustra
1401 3141 1740 3201 contendit.

650 3236 905 3295 “Ducta
935 3235 1063 3307 PV,
1094 3245 1156 3296 et
1194 3236 1425 3296 bisecta
1466 3236 1530 3295 in
1561 3257 1621 3309 a,
1674 3235 1933 3294 ducatur
1975 3232 2062 3293 ab
2105 3240 2288 3292 rectae

564 3330 686 3390 DY
712 3330 1017 3409 parallela,
1060 3340 1242 3390 rectae
1272 3331 1386 3390 DP
1419 3349 1742 3390 occurrens
1774 3329 1838 3388 in
1869 3349 1938 3387 c:
1984 3337 2287 3407 rectaeque

564 3424 654 3484 ab
704 3424 1217 3504 perpendicularis
1270 3425 1395 3484 Τά.
1483 3423 1726 3485 Bisecta
1774 3442 1918 3482 vero
1970 3421 2058 3482 dc
2107 3421 2172 3480 in
2215 3440 2284 3500 g,

893 3631 921 3659 *
957 3631 1084 3679 Vide
1109 3631 1336 3694 Figuram
1363 3631 1440 3678 De
1463 3630 1782 3695 duplicatione
1807 3627 1937 3678 Cubi.
