2462 4120
572 402 1093 447 MATHEMATIGAE
1128 400 1534 442 HODIERNAE.
1789 391 1908 443 215

718 684 1133 727 PROPOSITIO
1168 683 1379 725 XVIII.

267 815 546 875 Invenire
577 824 856 874 centrum
878 812 1197 893 gravitatis
1222 809 1522 890 segmenti
1547 808 1741 885 BCB,
1774 832 1918 872 con-

186 911 340 969 tenti
368 930 515 969 arcu
545 909 902 989 quadrantis
933 918 994 967 et
1024 908 1316 967 subtensa
1344 925 1522 965 arcus
1551 903 1688 963 BC.

268 1004 526 1063 Invento
592 1014 804 1063 centro
875 1001 1193 1082 gravitatis
1264 999 1558 1078 trianguli
1620 999 1921 1058 rectilinei

186 1097 383 1170 ABG,
442 1099 551 1157 fiat
599 1109 671 1157 ut
724 1106 1107 1176 segmentum
1165 1094 1340 1155 BCB
1412 1094 1490 1153 ad
1548 1094 1922 1172 triangulum

183 1192 383 1264 ABG,
431 1192 520 1251 ita
565 1191 857 1251 distantia
905 1193 1068 1250 inter
1126 1200 1343 1250 centra
1397 1189 1719 1267 gravitatis
1773 1208 1922 1267 qua-

187 1287 420 1347 drantis
451 1287 630 1346 ABC
665 1296 726 1346 et
765 1286 1056 1364 trianguli
1085 1284 1266 1344 ABG
1299 1284 1377 1344 ad
1407 1284 1607 1343 aliam.
1694 1284 1775 1342 Et
1820 1284 1924 1343 illa

184 1383 436 1441 inventa
463 1392 729 1460 ponatur
758 1402 795 1440 a
823 1391 1056 1460 puncto
1087 1409 1117 1438 ν
1145 1399 1357 1439 versus
1380 1399 1592 1438 arcum
1613 1378 1679 1437 in
1710 1377 1925 1437 eadem

185 1487 357 1536 recta
377 1477 495 1549 Az,
536 1496 754 1555 nempe
785 1495 880 1549 vr,
922 1484 984 1534 et
1028 1475 1144 1534 erit
1179 1495 1214 1533 r
1257 1483 1538 1534 centrum
1584 1473 1925 1552 quaesitum.

187 1573 387 1632 Datur
410 1580 616 1630 autem
639 1570 796 1630 ratio
815 1570 1026 1628 bilinei
1045 1567 1203 1630 BCB
1225 1569 1302 1629 ad
1329 1569 1704 1648 triangulum
1731 1568 1843 1628 AB
1858 1569 1926 1642 C,

188 1685 408 1743 nempe
438 1665 596 1724 ratio
627 1666 742 1724 FR
771 1663 850 1723 ad
880 1665 1005 1737 FE,
1041 1673 1104 1723 et
1148 1674 1242 1723 est
1284 1674 1565 1724 centrum
1608 1664 1930 1742 gravitatis

191 1760 490 1840 segmenti
530 1758 706 1819 BCB
758 1760 823 1819 in
870 1769 1043 1819 recta
1093 1759 1212 1832 Az,
1256 1759 1321 1818 in
1364 1764 1485 1838 qua
1532 1769 1676 1819 sunt
1719 1769 1933 1819 centra

189 1855 508 1934 gravitatis
576 1867 709 1915 tum
779 1854 1072 1933 trianguli
1127 1863 1259 1914 tum
1319 1854 1677 1933 quadrantis
1726 1853 1846 1914 AB
1861 1854 1929 1914 C.

190 1951 387 2010 Datur
417 1969 563 2028 ergo
592 1958 888 2028 punctum
920 1970 974 2023 r,
1019 1948 1083 2008 id
1125 1960 1237 2022 est,
1283 1959 1564 2009 centrum
1610 1949 1932 2028 gravitatis

193 2045 494 2123 segmenti
552 2042 749 2104 BCB.
859 2044 1113 2103 Factum
1186 2063 1332 2122 ergo
1407 2053 1518 2118 est,
1579 2044 1743 2123 quod
1801 2052 1934 2104 erat

193 2138 562 2198 faciendum.

277 2234 359 2292 B.
404 2233 599 2292 Video
629 2232 814 2292 etiam
845 2232 1012 2292 aliud
1049 2233 1220 2312 sequi
1249 2233 1407 2293 scitu
1430 2253 1555 2293 non
1591 2234 1934 2312 indignum,

195 2327 502 2400 nimirum,
534 2327 804 2404 planum,
837 2327 1002 2406 quod
1043 2327 1320 2386 nascitur
1369 2327 1447 2386 ab
1495 2328 1936 2407 aggregatione

198 2433 524 2496 rectarum,
549 2442 685 2500 quae
709 2422 972 2500 aequales
1005 2432 1148 2482 sunt
1170 2423 1448 2502 partibus
1472 2444 1648 2483 arcus
1668 2424 1781 2484 BC
1798 2444 1937 2503 per-

197 2526 383 2595 petuo
413 2537 450 2576 a
477 2516 670 2576 nihilo
720 2517 1136 2576 crescentibus
1178 2519 1355 2596 juxta
1400 2518 1702 2578 rationem
1752 2519 1940 2578 arith-

200 2611 754 2690 meticam‚quando
775 2612 1167 2691 applicantur
1192 2612 1524 2673 ordinatim
1547 2614 1625 2674 ad
1644 2615 1938 2674 terminos

204 2725 525 2764 curvarum
555 2706 670 2765 sibi
717 2707 1064 2786 aequalium,
1087 2727 1308 2786 nempe
1357 2709 1407 2767 B
1426 2715 1478 2782 1,
1505 2709 1627 2784 Β2,
1650 2710 1771 2784 Β3,
1797 2720 1936 2783 etc.³

204 2800 464 2877 aequales
503 2820 632 2860 esse
655 2802 837 2880 plano
876 2802 1042 2881 quod
1070 2804 1345 2863 nascitur
1385 2804 1461 2863 ab
1502 2805 1939 2883 aggregatione

204 2892 445 2951 sinuum
499 2905 808 2982 rectorum
857 2897 1192 2956 eorundem
1232 2917 1503 2971 arcuum,
1560 2899 1805 2978 quando
1852 2899 1942 2958 illi

206 2985 373 3046 sinus
392 2987 749 3049 ordinantur
761 2991 985 3070 singuli
1004 2993 1083 3052 ad
1105 2993 1401 3053 terminos
1421 3014 1675 3053 arcuum
1692 3015 1941 3055 suorum

204 3080 269 3138 in
292 3090 460 3141 recta
487 3102 622 3161 quae
651 3085 730 3144 sit
758 3086 874 3164 ipsi
897 3088 1067 3147 arcui
1097 3088 1209 3148 BC
1238 3088 1507 3167 aequalis,
1581 3090 1744 3149 Nam
1776 3090 1943 3169 quod

208 3185 605 3253 aggregatum
624 3179 864 3239 sinuum
882 3191 1192 3242 rectorum
1215 3183 1487 3243 omnium
1509 3184 1595 3244 ita
1627 3185 1941 3245 ordinato-

208 3288 345 3327 rum
402 3271 635 3348 aequale
692 3282 787 3332 est
848 3276 1148 3352 quadrato
1208 3278 1382 3350 radii,
1443 3279 1942 3339 demonstrarunt

208 3362 465 3422 fortasse
493 3365 716 3443 plureS,
749 3367 855 3426 sed
883 3369 1116 3430 invenit
1146 3381 1209 3431 et
1240 3373 1682 3433 demonstravit
1710 3375 1941 3452 primus

213 3456 682 3536 Christopherus
711 3460 919 3535 Wren,
967 3467 1356 3527 astronomiae
1398 3467 1714 3546 professor
1763 3469 1941 3527 Gres-

210 3555 535 3616 hamensis.

1974 560 2225 596 DIALOGUS

2069 629 2137 661 VI.

1980 685 2219 716 κ--Ὑ--κ
