<?xml version="1.0" encoding="UTF-8"?>
<!DOCTYPE html PUBLIC "-//W3C//DTD XHTML 1.0 Transitional//EN"
    "http://www.w3.org/TR/xhtml1/DTD/xhtml1-transitional.dtd">
<html xmlns="http://www.w3.org/1999/xhtml" xml:lang="en" lang="en">
 <head>
  <title>
</title>
<meta http-equiv="Content-Type" content="text/html;charset=utf-8" />
  <meta name='ocr-system' content='tesseract 3.04.00' />
  <meta name='ocr-capabilities' content='ocr_page ocr_carea ocr_par ocr_line ocrx_word'/>
</head>
<body>
  <div class='ocr_page' id='page_1' title='image "./operaphilosophic04hobbuoft_0255.png"; bbox 0 0 2462 4120; ppageno 0'>
   <div class='ocr_carea' id='block_1_1' title="bbox 750 376 1958 428">
    <p class='ocr_par' dir='ltr' id='par_1_1' title="bbox 750 376 1958 428">
     <span class='ocr_line' id='line_1_1' title="bbox 750 376 1958 428; baseline 0.006 -7"><span class='ocrx_word' id='word_1_1' title='bbox 750 381 838 421; x_wconf 86' lang='lat' dir='ltr'>DE</span> <span class='ocrx_word' id='word_1_2' title='bbox 873 379 1155 422; x_wconf 83' lang='lat' dir='ltr'>NATURA</span> <span class='ocrx_word' id='word_1_3' title='bbox 1186 380 1412 423; x_wconf 81' lang='lat' dir='ltr'><strong>AERIS.</strong></span> <span class='ocrx_word' id='word_1_4' title='bbox 1839 376 1958 428; x_wconf 83' lang='lat'>243</span> 
     </span>
    </p>
   </div>
   <div class='ocr_carea' id='block_1_2' title="bbox 220 520 1965 3798">
    <p class='ocr_par' dir='ltr' id='par_1_2' title="bbox 221 520 1963 1548">
     <span class='ocr_line' id='line_1_2' title="bbox 225 520 1959 603; baseline 0.001 -18"><span class='ocrx_word' id='word_1_5' title='bbox 225 526 408 585; x_wconf 89' lang='lat' dir='ltr'>mitas</span> <span class='ocrx_word' id='word_1_6' title='bbox 450 521 756 602; x_wconf 88' lang='lat' dir='ltr'>perforata</span> <span class='ocrx_word' id='word_1_7' title='bbox 796 530 887 580; x_wconf 91' lang='lat' dir='ltr'>est</span> <span class='ocrx_word' id='word_1_8' title='bbox 933 520 1012 579; x_wconf 89' lang='lat' dir='ltr'>ad</span> <span class='ocrx_word' id='word_1_9' title='bbox 1057 520 1236 593; x_wconf 78' lang='lat' dir='ltr'>latUS,</span> <span class='ocrx_word' id='word_1_10' title='bbox 1281 522 1545 601; x_wconf 83' lang='lat' dir='ltr'>oblique,</span> <span class='ocrx_word' id='word_1_11' title='bbox 1598 532 1666 583; x_wconf 91' lang='lat' dir='ltr'>ut</span> <span class='ocrx_word' id='word_1_12' title='bbox 1718 526 1959 603; x_wconf 88' lang='lat' dir='ltr'>quando</span> 
     </span>
     <span class='ocr_line' id='line_1_3' title="bbox 225 614 1958 699; baseline -0.001 -19"><span class='ocrx_word' id='word_1_13' title='bbox 225 639 377 699; x_wconf 89' lang='lat' dir='ltr'>opus</span> <span class='ocrx_word' id='word_1_14' title='bbox 423 617 540 678; x_wconf 91' lang='lat' dir='ltr'>erit</span> <span class='ocrx_word' id='word_1_15' title='bbox 578 614 818 675; x_wconf 92' lang='lat' dir='ltr'>occludi</span> <span class='ocrx_word' id='word_1_16' title='bbox 857 622 917 674; x_wconf 90' lang='lat' dir='ltr'>et</span> <span class='ocrx_word' id='word_1_17' title='bbox 952 614 1186 673; x_wconf 90' lang='lat' dir='ltr'>recludi</span> <span class='ocrx_word' id='word_1_18' title='bbox 1232 616 1445 693; x_wconf 83' lang='lat' dir='ltr'>possit.</span> <span class='ocrx_word' id='word_1_19' title='bbox 1533 616 1773 676; x_wconf 90' lang='lat' dir='ltr'>Partem</span> <span class='ocrx_word' id='word_1_20' title='bbox 1821 640 1958 697; x_wconf 89' lang='lat' dir='ltr'>per-</span> 
     </span>
     <span class='ocr_line' id='line_1_4' title="bbox 223 708 1960 791; baseline -0.001 -17"><span class='ocrx_word' id='word_1_21' title='bbox 223 714 486 774; x_wconf 84' lang='lat' dir='ltr'><strong>foratam</strong></span> <span class='ocrx_word' id='word_1_22' title='bbox 533 710 843 789; x_wconf 86' lang='lat' dir='ltr'>appellant</span> <span class='ocrx_word' id='word_1_23' title='bbox 885 708 1210 768; x_wconf 81' lang='lat' dir='ltr'><em>valvulam.</em></span> <span class='ocrx_word' id='word_1_24' title='bbox 1303 710 1375 768; x_wconf 89' lang='lat' dir='ltr'>In</span> <span class='ocrx_word' id='word_1_25' title='bbox 1415 710 1742 770; x_wconf 81' lang='lat' dir='ltr'>cavitatem</span> <span class='ocrx_word' id='word_1_26' title='bbox 1779 713 1960 791; x_wconf 88' lang='lat' dir='ltr'>hujus</span> 
     </span>
     <span class='ocr_line' id='line_1_5' title="bbox 222 803 1959 886; baseline -0.001 -18"><span class='ocrx_word' id='word_1_27' title='bbox 222 807 381 867; x_wconf 86' lang='lat' dir='ltr'>vasis</span> <span class='ocrx_word' id='word_1_28' title='bbox 411 804 746 886; x_wconf 89' lang='lat' dir='ltr'>cylindrici,</span> <span class='ocrx_word' id='word_1_29' title='bbox 778 804 854 863; x_wconf 90' lang='lat' dir='ltr'>ab</span> <span class='ocrx_word' id='word_1_30' title='bbox 894 824 1019 863; x_wconf 87' lang='lat' dir='ltr'>una</span> <span class='ocrx_word' id='word_1_31' title='bbox 1055 813 1231 882; x_wconf 89' lang='lat' dir='ltr'>parte</span> <span class='ocrx_word' id='word_1_32' title='bbox 1282 803 1573 862; x_wconf 89' lang='lat' dir='ltr'>inseritur</span> <span class='ocrx_word' id='word_1_33' title='bbox 1625 825 1760 882; x_wconf 87' lang='lat' dir='ltr'>pars</span> <span class='ocrx_word' id='word_1_34' title='bbox 1808 809 1959 877; x_wconf 90' lang='lat' dir='ltr'>tubi,</span> 
     </span>
     <span class='ocr_line' id='line_1_6' title="bbox 223 899 1961 981; baseline -0.001 -20"><span class='ocrx_word' id='word_1_35' title='bbox 223 921 359 981; x_wconf 88' lang='lat' dir='ltr'>quae</span> <span class='ocrx_word' id='word_1_36' title='bbox 381 900 687 980; x_wconf 84' lang='lat' dir='ltr'>prominet</span> <span class='ocrx_word' id='word_1_37' title='bbox 718 919 750 958; x_wconf 90' lang='lat' dir='ltr'>e</span> <span class='ocrx_word' id='word_1_38' title='bbox 779 899 1147 978; x_wconf 83' lang='lat' dir='ltr'>recipiente:</span> <span class='ocrx_word' id='word_1_39' title='bbox 1180 900 1254 958; x_wconf 92' lang='lat' dir='ltr'>ab</span> <span class='ocrx_word' id='word_1_40' title='bbox 1279 899 1471 958; x_wconf 88' lang='lat' dir='ltr'>altera</span> <span class='ocrx_word' id='word_1_41' title='bbox 1491 909 1667 976; x_wconf 91' lang='lat' dir='ltr'>parte</span> <span class='ocrx_word' id='word_1_42' title='bbox 1691 900 1961 978; x_wconf 81' lang='lat' dir='ltr'>adigitur</span> 
     </span>
     <span class='ocr_line' id='line_1_7' title="bbox 223 993 1963 1076; baseline -0.001 -20"><span class='ocrx_word' id='word_1_43' title='bbox 223 995 532 1076; x_wconf 85' lang='lat' dir='ltr'>cylindrus</span> <span class='ocrx_word' id='word_1_44' title='bbox 591 994 819 1054; x_wconf 88' lang='lat' dir='ltr'>solidus</span> <span class='ocrx_word' id='word_1_45' title='bbox 877 1014 952 1053; x_wconf 88' lang='lat' dir='ltr'>ex</span> <span class='ocrx_word' id='word_1_46' title='bbox 997 993 1186 1072; x_wconf 83' lang='lat' dir='ltr'>ligno,</span> <span class='ocrx_word' id='word_1_47' title='bbox 1245 994 1349 1072; x_wconf 89' lang='lat' dir='ltr'>qui</span> <span class='ocrx_word' id='word_1_48' title='bbox 1408 993 1573 1053; x_wconf 90' lang='lat' dir='ltr'>corio</span> <span class='ocrx_word' id='word_1_49' title='bbox 1620 1003 1819 1052; x_wconf 90' lang='lat' dir='ltr'>tectus</span> <span class='ocrx_word' id='word_1_50' title='bbox 1876 996 1963 1054; x_wconf 90' lang='lat' dir='ltr'>ita</span> 
     </span>
     <span class='ocr_line' id='line_1_8' title="bbox 222 1087 1962 1167; baseline -0.001 -17"><span class='ocrx_word' id='word_1_51' title='bbox 222 1100 454 1162; x_wconf 85' lang='lat' dir='ltr'>exacte,</span> <span class='ocrx_word' id='word_1_52' title='bbox 484 1089 563 1149; x_wconf 92' lang='lat' dir='ltr'>ad</span> <span class='ocrx_word' id='word_1_53' title='bbox 601 1089 944 1167; x_wconf 88' lang='lat' dir='ltr'>ingressum</span> <span class='ocrx_word' id='word_1_54' title='bbox 988 1088 1143 1147; x_wconf 88' lang='lat' dir='ltr'>aeris</span> <span class='ocrx_word' id='word_1_55' title='bbox 1186 1087 1655 1166; x_wconf 87' lang='lat' dir='ltr'>prohibendum,</span> <span class='ocrx_word' id='word_1_56' title='bbox 1702 1088 1962 1166; x_wconf 88' lang='lat' dir='ltr'>cylindri</span> 
     </span>
     <span class='ocr_line' id='line_1_9' title="bbox 223 1181 1960 1262; baseline -0.001 -17"><span class='ocrx_word' id='word_1_57' title='bbox 223 1186 550 1245; x_wconf 86' lang='lat' dir='ltr'>cavitatem</span> <span class='ocrx_word' id='word_1_58' title='bbox 581 1193 879 1262; x_wconf 83' lang='lat' dir='ltr'>exaequat,</span> <span class='ocrx_word' id='word_1_59' title='bbox 910 1192 980 1242; x_wconf 89' lang='lat' dir='ltr'>ut</span> <span class='ocrx_word' id='word_1_60' title='bbox 1009 1182 1242 1241; x_wconf 88' lang='lat' dir='ltr'>intrudi</span> <span class='ocrx_word' id='word_1_61' title='bbox 1272 1193 1334 1242; x_wconf 93' lang='lat' dir='ltr'>et</span> <span class='ocrx_word' id='word_1_62' title='bbox 1372 1182 1604 1241; x_wconf 87' lang='lat' dir='ltr'>retrahi</span> <span class='ocrx_word' id='word_1_63' title='bbox 1643 1181 1763 1240; x_wconf 87' lang='lat' dir='ltr'>nisi</span> <span class='ocrx_word' id='word_1_64' title='bbox 1815 1184 1960 1243; x_wconf 88' lang='lat' dir='ltr'>satis</span> 
     </span>
     <span class='ocr_line' id='line_1_10' title="bbox 221 1275 1963 1359; baseline -0.002 -20"><span class='ocrx_word' id='word_1_65' title='bbox 221 1300 445 1359; x_wconf 89' lang='lat' dir='ltr'>magna</span> <span class='ocrx_word' id='word_1_66' title='bbox 472 1280 534 1338; x_wconf 93' lang='lat' dir='ltr'>vi</span> <span class='ocrx_word' id='word_1_67' title='bbox 561 1299 687 1338; x_wconf 89' lang='lat' dir='ltr'>non</span> <span class='ocrx_word' id='word_1_68' title='bbox 714 1278 922 1357; x_wconf 88' lang='lat' dir='ltr'>possit.</span> <span class='ocrx_word' id='word_1_69' title='bbox 973 1277 1297 1356; x_wconf 91' lang='lat' dir='ltr'>Cylindrus</span> <span class='ocrx_word' id='word_1_70' title='bbox 1327 1276 1428 1336; x_wconf 90' lang='lat' dir='ltr'>hic</span> <span class='ocrx_word' id='word_1_71' title='bbox 1459 1275 1686 1335; x_wconf 87' lang='lat' dir='ltr'>solidus</span> <span class='ocrx_word' id='word_1_72' title='bbox 1708 1287 1963 1336; x_wconf 90' lang='lat' dir='ltr'>vocatur</span> 
     </span>
     <span class='ocr_line' id='line_1_11' title="bbox 224 1371 1959 1453; baseline -0.001 -20"><span class='ocrx_word' id='word_1_73' title='bbox 224 1373 466 1447; x_wconf 67' lang='grc' dir='ltr'>δασέαν,</span> <span class='ocrx_word' id='word_1_74' title='bbox 491 1374 714 1453; x_wconf 89' lang='lat' dir='ltr'>quippe</span> <span class='ocrx_word' id='word_1_75' title='bbox 746 1373 849 1452; x_wconf 91' lang='lat' dir='ltr'>qui</span> <span class='ocrx_word' id='word_1_76' title='bbox 879 1372 1203 1432; x_wconf 90' lang='lat' dir='ltr'>adhibetur</span> <span class='ocrx_word' id='word_1_77' title='bbox 1221 1371 1301 1432; x_wconf 87' lang='lat' dir='ltr'>ad</span> <span class='ocrx_word' id='word_1_78' title='bbox 1329 1391 1532 1432; x_wconf 88' lang='lat' dir='ltr'>aerem</span> <span class='ocrx_word' id='word_1_79' title='bbox 1562 1390 1595 1430; x_wconf 91' lang='lat' dir='ltr'>e</span> <span class='ocrx_word' id='word_1_80' title='bbox 1626 1371 1959 1450; x_wconf 89' lang='lat' dir='ltr'>recipiente</span> 
     </span>
     <span class='ocr_line' id='line_1_12' title="bbox 224 1468 1133 1548; baseline -0.001 -20"><span class='ocrx_word' id='word_1_81' title='bbox 224 1469 629 1548; x_wconf 85' lang='lat' dir='ltr'>exugendum.</span> <span class='ocrx_word' id='word_1_82' title='bbox 716 1468 1133 1528; x_wconf 84' lang='lat' dir='ltr'>Intellextin’?</span> 
     </span>
    </p>

    <p class='ocr_par' dir='ltr' id='par_1_3' title="bbox 223 1561 1965 2116">
     <span class='ocr_line' id='line_1_13' title="bbox 309 1561 1961 1634; baseline -0.003 -10"><span class='ocrx_word' id='word_1_83' title='bbox 309 1563 390 1624; x_wconf 87' lang='grc' dir='ltr'>Α.</span> <span class='ocrx_word' id='word_1_84' title='bbox 435 1565 548 1624; x_wconf 86' lang='lat' dir='ltr'>Ita.</span> <span class='ocrx_word' id='word_1_85' title='bbox 655 1564 747 1625; x_wconf 90' lang='lat' dir='ltr'>Ex</span> <span class='ocrx_word' id='word_1_86' title='bbox 801 1564 1037 1624; x_wconf 87' lang='lat' dir='ltr'>duobus</span> <span class='ocrx_word' id='word_1_87' title='bbox 1095 1563 1339 1623; x_wconf 89' lang='lat' dir='ltr'>vasibus</span> <span class='ocrx_word' id='word_1_88' title='bbox 1401 1562 1707 1634; x_wconf 83' lang='lat' dir='ltr'>concavis,</span> <span class='ocrx_word' id='word_1_89' title='bbox 1767 1561 1961 1620; x_wconf 88' lang='lat' dir='ltr'>altero</span> 
     </span>
     <span class='ocr_line' id='line_1_14' title="bbox 223 1655 1963 1738; baseline -0.003 -19"><span class='ocrx_word' id='word_1_90' title='bbox 223 1659 438 1732; x_wconf 82' lang='lat' dir='ltr'>vitree,</span> <span class='ocrx_word' id='word_1_91' title='bbox 487 1660 803 1738; x_wconf 84' lang='lat' dir='ltr'>sphaerico,</span> <span class='ocrx_word' id='word_1_92' title='bbox 855 1658 1048 1717; x_wconf 91' lang='lat' dir='ltr'>altero</span> <span class='ocrx_word' id='word_1_93' title='bbox 1095 1677 1287 1730; x_wconf 90' lang='lat' dir='ltr'>aeneo,</span> <span class='ocrx_word' id='word_1_94' title='bbox 1335 1655 1689 1736; x_wconf 86' lang='lat' dir='ltr'>cylindricO,</span> <span class='ocrx_word' id='word_1_95' title='bbox 1740 1656 1813 1714; x_wconf 91' lang='lat' dir='ltr'>fit</span> <span class='ocrx_word' id='word_1_96' title='bbox 1858 1676 1963 1715; x_wconf 88' lang='lat' dir='ltr'>vas</span> 
     </span>
     <span class='ocr_line' id='line_1_15' title="bbox 224 1750 1964 1831; baseline -0.002 -19"><span class='ocrx_word' id='word_1_97' title='bbox 224 1773 415 1812; x_wconf 90' lang='lat' dir='ltr'>unum</span> <span class='ocrx_word' id='word_1_98' title='bbox 467 1773 843 1822; x_wconf 90' lang='lat' dir='ltr'>concavum;</span> <span class='ocrx_word' id='word_1_99' title='bbox 888 1753 951 1811; x_wconf 89' lang='lat' dir='ltr'>in</span> <span class='ocrx_word' id='word_1_100' title='bbox 1003 1753 1175 1831; x_wconf 85' lang='lat' dir='ltr'>cujus</span> <span class='ocrx_word' id='word_1_101' title='bbox 1224 1750 1621 1811; x_wconf 88' lang='lat' dir='ltr'>commissura</span> <span class='ocrx_word' id='word_1_102' title='bbox 1670 1750 1964 1809; x_wconf 87' lang='lat' dir='ltr'>transitus</span> 
     </span>
     <span class='ocr_line' id='line_1_16' title="bbox 225 1845 1965 1927; baseline -0.002 -19"><span class='ocrx_word' id='word_1_103' title='bbox 225 1849 352 1908; x_wconf 92' lang='lat' dir='ltr'>aeri</span> <span class='ocrx_word' id='word_1_104' title='bbox 382 1848 461 1908; x_wconf 90' lang='lat' dir='ltr'>ad</span> <span class='ocrx_word' id='word_1_105' title='bbox 489 1848 729 1908; x_wconf 89' lang='lat' dir='ltr'>libitum</span> <span class='ocrx_word' id='word_1_106' title='bbox 759 1848 1137 1927; x_wconf 89' lang='lat' dir='ltr'>permittitur</span> <span class='ocrx_word' id='word_1_107' title='bbox 1165 1846 1263 1907; x_wconf 90' lang='lat' dir='ltr'>vel</span> <span class='ocrx_word' id='word_1_108' title='bbox 1293 1855 1588 1925; x_wconf 89' lang='lat' dir='ltr'>negatur:</span> <span class='ocrx_word' id='word_1_109' title='bbox 1633 1854 1696 1904; x_wconf 92' lang='lat' dir='ltr'>et</span> <span class='ocrx_word' id='word_1_110' title='bbox 1726 1845 1965 1904; x_wconf 85' lang='lat' dir='ltr'>valvula</span> 
     </span>
     <span class='ocr_line' id='line_1_17' title="bbox 224 1939 1961 2022; baseline -0.002 -20"><span class='ocrx_word' id='word_1_111' title='bbox 224 1952 335 2015; x_wconf 90' lang='lat' dir='ltr'>est,</span> <span class='ocrx_word' id='word_1_112' title='bbox 356 1963 465 2022; x_wconf 89' lang='lat' dir='ltr'>per</span> <span class='ocrx_word' id='word_1_113' title='bbox 483 1963 665 2022; x_wconf 91' lang='lat' dir='ltr'>quam</span> <span class='ocrx_word' id='word_1_114' title='bbox 690 1962 794 2002; x_wconf 89' lang='lat' dir='ltr'>aer</span> <span class='ocrx_word' id='word_1_115' title='bbox 818 1962 851 2001; x_wconf 94' lang='lat' dir='ltr'>e</span> <span class='ocrx_word' id='word_1_116' title='bbox 869 1961 1011 2001; x_wconf 91' lang='lat' dir='ltr'>vase</span> <span class='ocrx_word' id='word_1_117' title='bbox 1035 1941 1339 2012; x_wconf 88' lang='lat' dir='ltr'>inferiore,</span> <span class='ocrx_word' id='word_1_118' title='bbox 1363 1961 1581 2019; x_wconf 90' lang='lat' dir='ltr'>nempe</span> <span class='ocrx_word' id='word_1_119' title='bbox 1606 1939 1961 2020; x_wconf 88' lang='lat' dir='ltr'>cylindrico,</span> 
     </span>
     <span class='ocr_line' id='line_1_18' title="bbox 223 2035 1961 2116; baseline -0.001 -19"><span class='ocrx_word' id='word_1_120' title='bbox 223 2037 420 2097; x_wconf 93' lang='lat' dir='ltr'>emitti</span> <span class='ocrx_word' id='word_1_121' title='bbox 442 2047 666 2116; x_wconf 89' lang='lat' dir='ltr'>potest,</span> <span class='ocrx_word' id='word_1_122' title='bbox 691 2036 936 2115; x_wconf 88' lang='lat' dir='ltr'>quando</span> <span class='ocrx_word' id='word_1_123' title='bbox 961 2056 1112 2115; x_wconf 89' lang='lat' dir='ltr'>opus</span> <span class='ocrx_word' id='word_1_124' title='bbox 1144 2036 1279 2108; x_wconf 87' lang='lat' dir='ltr'>erit,</span> <span class='ocrx_word' id='word_1_125' title='bbox 1311 2036 1376 2095; x_wconf 89' lang='lat' dir='ltr'>in</span> <span class='ocrx_word' id='word_1_126' title='bbox 1406 2044 1688 2115; x_wconf 91' lang='lat' dir='ltr'>apertum</span> <span class='ocrx_word' id='word_1_127' title='bbox 1720 2035 1961 2095; x_wconf 83' lang='lat' dir='ltr'>coelum.</span> 
     </span>
    </p>

    <p class='ocr_par' dir='ltr' id='par_1_4' title="bbox 220 2129 1965 3537">
     <span class='ocr_line' id='line_1_19' title="bbox 304 2129 1961 2209; baseline -0.001 -19"><span class='ocrx_word' id='word_1_128' title='bbox 304 2130 382 2191; x_wconf 86' lang='lat' dir='ltr'>B.</span> <span class='ocrx_word' id='word_1_129' title='bbox 427 2132 643 2192; x_wconf 85' lang='lat' dir='ltr'>Tenes.</span> <span class='ocrx_word' id='word_1_130' title='bbox 709 2132 1028 2191; x_wconf 84' lang='lat' dir='ltr'>Suctorem</span> <span class='ocrx_word' id='word_1_131' title='bbox 1062 2139 1286 2203; x_wconf 87' lang='lat' dir='ltr'>autem,</span> <span class='ocrx_word' id='word_1_132' title='bbox 1321 2131 1463 2209; x_wconf 91' lang='lat' dir='ltr'>quia</span> <span class='ocrx_word' id='word_1_133' title='bbox 1489 2130 1581 2190; x_wconf 90' lang='lat' dir='ltr'>vis</span> <span class='ocrx_word' id='word_1_134' title='bbox 1610 2129 1961 2208; x_wconf 88' lang='lat' dir='ltr'>requiritur,</span> 
     </span>
     <span class='ocr_line' id='line_1_20' title="bbox 221 2224 1964 2305; baseline -0.001 -20"><span class='ocrx_word' id='word_1_135' title='bbox 221 2226 568 2286; x_wconf 90' lang='lat' dir='ltr'>machinula</span> <span class='ocrx_word' id='word_1_136' title='bbox 627 2226 908 2305; x_wconf 89' lang='lat' dir='ltr'>quadam,</span> <span class='ocrx_word' id='word_1_137' title='bbox 969 2225 1134 2304; x_wconf 90' lang='lat' dir='ltr'>quali</span> <span class='ocrx_word' id='word_1_138' title='bbox 1193 2225 1427 2284; x_wconf 90' lang='lat' dir='ltr'>utimur</span> <span class='ocrx_word' id='word_1_139' title='bbox 1485 2225 1565 2284; x_wconf 92' lang='lat' dir='ltr'>ad</span> <span class='ocrx_word' id='word_1_140' title='bbox 1621 2224 1964 2284; x_wconf 89' lang='lat' dir='ltr'>tensionem</span> 
     </span>
     <span class='ocr_line' id='line_1_21' title="bbox 221 2319 1965 2400; baseline -0.002 -19"><span class='ocrx_word' id='word_1_141' title='bbox 221 2321 597 2394; x_wconf 88' lang='lat' dir='ltr'>balistarum,</span> <span class='ocrx_word' id='word_1_142' title='bbox 627 2322 844 2394; x_wconf 86' lang='lat' dir='ltr'>ferrea,</span> <span class='ocrx_word' id='word_1_143' title='bbox 877 2321 1148 2393; x_wconf 88' lang='lat' dir='ltr'>dentata,</span> <span class='ocrx_word' id='word_1_144' title='bbox 1173 2320 1237 2380; x_wconf 92' lang='lat' dir='ltr'>in</span> <span class='ocrx_word' id='word_1_145' title='bbox 1270 2319 1613 2400; x_wconf 87' lang='lat' dir='ltr'>cylindrum</span> <span class='ocrx_word' id='word_1_146' title='bbox 1643 2320 1965 2398; x_wconf 90' lang='lat' dir='ltr'>impellunt</span> 
     </span>
     <span class='ocr_line' id='line_1_22' title="bbox 222 2415 1963 2495; baseline -0.001 -20"><span class='ocrx_word' id='word_1_147' title='bbox 222 2416 662 2495; x_wconf 89' lang='lat' dir='ltr'>revelluntque.</span> <span class='ocrx_word' id='word_1_148' title='bbox 749 2417 859 2476; x_wconf 91' lang='lat' dir='ltr'>Est</span> <span class='ocrx_word' id='word_1_149' title='bbox 901 2424 1199 2495; x_wconf 82' lang='lat' dir='ltr'>praeterea</span> <span class='ocrx_word' id='word_1_150' title='bbox 1239 2415 1304 2474; x_wconf 88' lang='lat' dir='ltr'>in</span> <span class='ocrx_word' id='word_1_151' title='bbox 1344 2415 1680 2494; x_wconf 89' lang='lat' dir='ltr'>recipiente</span> <span class='ocrx_word' id='word_1_152' title='bbox 1727 2434 1963 2474; x_wconf 91' lang='lat' dir='ltr'>summo</span> 
     </span>
     <span class='ocr_line' id='line_1_23' title="bbox 223 2510 1962 2590; baseline -0.001 -20"><span class='ocrx_word' id='word_1_153' title='bbox 223 2510 519 2570; x_wconf 90' lang='lat' dir='ltr'>orificium</span> <span class='ocrx_word' id='word_1_154' title='bbox 548 2511 693 2571; x_wconf 88' lang='lat' dir='ltr'>satis</span> <span class='ocrx_word' id='word_1_155' title='bbox 723 2511 1011 2590; x_wconf 86' lang='lat' dir='ltr'>amplum,</span> <span class='ocrx_word' id='word_1_156' title='bbox 1041 2531 1166 2570; x_wconf 90' lang='lat' dir='ltr'>una</span> <span class='ocrx_word' id='word_1_157' title='bbox 1195 2529 1333 2569; x_wconf 92' lang='lat' dir='ltr'>cum</span> <span class='ocrx_word' id='word_1_158' title='bbox 1365 2510 1653 2588; x_wconf 91' lang='lat' dir='ltr'>operculo</span> <span class='ocrx_word' id='word_1_159' title='bbox 1684 2519 1746 2569; x_wconf 91' lang='lat' dir='ltr'>et</span> <span class='ocrx_word' id='word_1_160' title='bbox 1776 2510 1962 2569; x_wconf 92' lang='lat' dir='ltr'>clavi-</span> 
     </span>
     <span class='ocr_line' id='line_1_24' title="bbox 226 2603 1960 2685; baseline -0.002 -20"><span class='ocrx_word' id='word_1_161' title='bbox 226 2605 380 2678; x_wconf 89' lang='lat' dir='ltr'>cula,</span> <span class='ocrx_word' id='word_1_162' title='bbox 406 2606 627 2685; x_wconf 89' lang='lat' dir='ltr'>quibus</span> <span class='ocrx_word' id='word_1_163' title='bbox 650 2605 728 2666; x_wconf 89' lang='lat' dir='ltr'>ad</span> <span class='ocrx_word' id='word_1_164' title='bbox 756 2625 960 2665; x_wconf 88' lang='lat' dir='ltr'>aerem</span> <span class='ocrx_word' id='word_1_165' title='bbox 979 2606 1350 2665; x_wconf 89' lang='lat' dir='ltr'>ambientem</span> <span class='ocrx_word' id='word_1_166' title='bbox 1381 2604 1834 2664; x_wconf 88' lang='lat' dir='ltr'>admittendum</span> <span class='ocrx_word' id='word_1_167' title='bbox 1863 2603 1960 2662; x_wconf 91' lang='lat' dir='ltr'>vel</span> 
     </span>
     <span class='ocr_line' id='line_1_25' title="bbox 226 2699 1962 2779; baseline -0.001 -20"><span class='ocrx_word' id='word_1_168' title='bbox 226 2700 669 2759; x_wconf 88' lang='lat' dir='ltr'>excludendum</span> <span class='ocrx_word' id='word_1_169' title='bbox 698 2701 922 2779; x_wconf 89' lang='lat' dir='ltr'>aperiri</span> <span class='ocrx_word' id='word_1_170' title='bbox 956 2710 1019 2759; x_wconf 89' lang='lat' dir='ltr'>et</span> <span class='ocrx_word' id='word_1_171' title='bbox 1058 2699 1261 2760; x_wconf 89' lang='lat' dir='ltr'>claudi</span> <span class='ocrx_word' id='word_1_172' title='bbox 1306 2709 1529 2779; x_wconf 90' lang='lat' dir='ltr'>potest.</span> <span class='ocrx_word' id='word_1_173' title='bbox 1618 2699 1962 2778; x_wconf 85' lang='lat' dir='ltr'>Imaginare</span> 
     </span>
     <span class='ocr_line' id='line_1_26' title="bbox 220 2793 1963 2875; baseline 0.001 -23"><span class='ocrx_word' id='word_1_174' title='bbox 220 2793 368 2870; x_wconf 88' lang='lat' dir='ltr'>jam,</span> <span class='ocrx_word' id='word_1_175' title='bbox 397 2795 657 2854; x_wconf 88' lang='lat' dir='ltr'>transitu</span> <span class='ocrx_word' id='word_1_176' title='bbox 698 2795 862 2854; x_wconf 91' lang='lat' dir='ltr'>inter</span> <span class='ocrx_word' id='word_1_177' title='bbox 903 2795 1203 2874; x_wconf 90' lang='lat' dir='ltr'>recipiens</span> <span class='ocrx_word' id='word_1_178' title='bbox 1235 2804 1295 2855; x_wconf 93' lang='lat' dir='ltr'>et</span> <span class='ocrx_word' id='word_1_179' title='bbox 1340 2795 1684 2875; x_wconf 89' lang='lat' dir='ltr'>cylindrum</span> <span class='ocrx_word' id='word_1_180' title='bbox 1725 2814 1963 2854; x_wconf 85' lang='lat' dir='ltr'>aeneum</span> 
     </span>
     <span class='ocr_line' id='line_1_27' title="bbox 227 2888 1962 2970; baseline 0.001 -24"><span class='ocrx_word' id='word_1_181' title='bbox 227 2907 354 2947; x_wconf 87' lang='lat' dir='ltr'>non</span> <span class='ocrx_word' id='word_1_182' title='bbox 408 2888 722 2967; x_wconf 83' lang='lat' dir='ltr'>impeditO,</span> <span class='ocrx_word' id='word_1_183' title='bbox 781 2899 1087 2950; x_wconf 90' lang='lat' dir='ltr'>suctorem</span> <span class='ocrx_word' id='word_1_184' title='bbox 1157 2910 1351 2970; x_wconf 90' lang='lat' dir='ltr'>usque</span> <span class='ocrx_word' id='word_1_185' title='bbox 1410 2889 1490 2949; x_wconf 92' lang='lat' dir='ltr'>ad</span> <span class='ocrx_word' id='word_1_186' title='bbox 1547 2889 1962 2949; x_wconf 89' lang='lat' dir='ltr'>summitatem</span> 
     </span>
     <span class='ocr_line' id='line_1_28' title="bbox 229 2981 1965 3062; baseline 0.002 -22"><span class='ocrx_word' id='word_1_187' title='bbox 229 2981 488 3060; x_wconf 89' lang='lat' dir='ltr'>cylindri</span> <span class='ocrx_word' id='word_1_188' title='bbox 535 2983 734 3062; x_wconf 83' lang='lat' dir='ltr'>adigi3</span> <span class='ocrx_word' id='word_1_189' title='bbox 786 2985 1005 3045; x_wconf 89' lang='lat' dir='ltr'>deinde</span> <span class='ocrx_word' id='word_1_190' title='bbox 1055 2986 1320 3045; x_wconf 88' lang='lat' dir='ltr'>transitu</span> <span class='ocrx_word' id='word_1_191' title='bbox 1372 2986 1519 3058; x_wconf 92' lang='lat' dir='ltr'>aeri,</span> <span class='ocrx_word' id='word_1_192' title='bbox 1560 2983 1737 3045; x_wconf 90' lang='lat' dir='ltr'>versa</span> <span class='ocrx_word' id='word_1_193' title='bbox 1782 2985 1965 3044; x_wconf 90' lang='lat' dir='ltr'>clavi-</span> 
     </span>
     <span class='ocr_line' id='line_1_29' title="bbox 231 3075 1963 3158; baseline 0.002 -25"><span class='ocrx_word' id='word_1_194' title='bbox 231 3075 384 3148; x_wconf 89' lang='lat' dir='ltr'>cula,</span> <span class='ocrx_word' id='word_1_195' title='bbox 411 3076 673 3149; x_wconf 74' lang='lat' dir='ltr'>ochUSO,</span> <span class='ocrx_word' id='word_1_196' title='bbox 694 3088 1000 3138; x_wconf 88' lang='lat' dir='ltr'>suctorem</span> <span class='ocrx_word' id='word_1_197' title='bbox 1029 3080 1474 3158; x_wconf 88' lang='lat' dir='ltr'>aliquantulum</span> <span class='ocrx_word' id='word_1_198' title='bbox 1504 3080 1748 3139; x_wconf 89' lang='lat' dir='ltr'>retrahi.</span> <span class='ocrx_word' id='word_1_199' title='bbox 1797 3079 1963 3140; x_wconf 71' lang='lat' dir='ltr'>Quid</span> 
     </span>
     <span class='ocr_line' id='line_1_30' title="bbox 228 3169 1962 3249; baseline 0.002 -22"><span class='ocrx_word' id='word_1_200' title='bbox 228 3178 408 3247; x_wconf 87' lang='lat' dir='ltr'>putas</span> <span class='ocrx_word' id='word_1_201' title='bbox 436 3169 578 3229; x_wconf 91' lang='lat' dir='ltr'>inde</span> <span class='ocrx_word' id='word_1_202' title='bbox 602 3173 1036 3249; x_wconf 79' lang='lat' dir='ltr'>sequuturum?</span> <span class='ocrx_word' id='word_1_203' title='bbox 1120 3175 1343 3234; x_wconf 92' lang='lat' dir='ltr'>Nonne</span> <span class='ocrx_word' id='word_1_204' title='bbox 1374 3175 1622 3234; x_wconf 88' lang='lat' dir='ltr'>relictus</span> <span class='ocrx_word' id='word_1_205' title='bbox 1653 3195 1689 3233; x_wconf 89' lang='lat' dir='ltr'>a</span> <span class='ocrx_word' id='word_1_206' title='bbox 1719 3184 1962 3233; x_wconf 88' lang='lat' dir='ltr'>suctore</span> 
     </span>
     <span class='ocr_line' id='line_1_31' title="bbox 229 3263 1962 3346; baseline 0.002 -24"><span class='ocrx_word' id='word_1_207' title='bbox 229 3263 400 3323; x_wconf 92' lang='lat' dir='ltr'>locus</span> <span class='ocrx_word' id='word_1_208' title='bbox 446 3264 560 3323; x_wconf 90' lang='lat' dir='ltr'>erit</span> <span class='ocrx_word' id='word_1_209' title='bbox 604 3266 875 3325; x_wconf 80' lang='lat' dir='ltr'>vacuus?</span> <span class='ocrx_word' id='word_1_210' title='bbox 963 3268 1142 3328; x_wconf 88' lang='lat' dir='ltr'>Unde</span> <span class='ocrx_word' id='word_1_211' title='bbox 1190 3270 1352 3329; x_wconf 89' lang='lat' dir='ltr'>enim</span> <span class='ocrx_word' id='word_1_212' title='bbox 1401 3270 1520 3329; x_wconf 86' lang='lat' dir='ltr'>nisi</span> <span class='ocrx_word' id='word_1_213' title='bbox 1561 3290 1598 3328; x_wconf 92' lang='lat' dir='ltr'>a</span> <span class='ocrx_word' id='word_1_214' title='bbox 1630 3269 1962 3346; x_wconf 90' lang='lat' dir='ltr'>recipiente</span> 
     </span>
     <span class='ocr_line' id='line_1_32' title="bbox 229 3358 1962 3439; baseline 0.002 -23"><span class='ocrx_word' id='word_1_215' title='bbox 229 3358 584 3437; x_wconf 87' lang='lat' dir='ltr'>repleretur,</span> <span class='ocrx_word' id='word_1_216' title='bbox 657 3379 797 3418; x_wconf 91' lang='lat' dir='ltr'>cum</span> <span class='ocrx_word' id='word_1_217' title='bbox 852 3361 1179 3422; x_wconf 83' lang='lat' dir='ltr'>transitum</span> <span class='ocrx_word' id='word_1_218' title='bbox 1238 3363 1532 3423; x_wconf 89' lang='lat' dir='ltr'>ambienti</span> <span class='ocrx_word' id='word_1_219' title='bbox 1596 3362 1723 3422; x_wconf 87' lang='lat' dir='ltr'>aeri</span> <span class='ocrx_word' id='word_1_220' title='bbox 1778 3370 1962 3439; x_wconf 88' lang='lat' dir='ltr'>neget</span> 
     </span>
     <span class='ocr_line' id='line_1_33' title="bbox 231 3452 1689 3537; baseline 0.003 -26"><span class='ocrx_word' id='word_1_221' title='bbox 231 3462 458 3524; x_wconf 86' lang='lat' dir='ltr'>suctor,</span> <span class='ocrx_word' id='word_1_222' title='bbox 490 3452 748 3531; x_wconf 90' lang='lat' dir='ltr'>cylindri</span> <span class='ocrx_word' id='word_1_223' title='bbox 778 3473 1111 3515; x_wconf 89' lang='lat' dir='ltr'>concavum</span> <span class='ocrx_word' id='word_1_224' title='bbox 1142 3468 1355 3517; x_wconf 89' lang='lat' dir='ltr'>exacte</span> <span class='ocrx_word' id='word_1_225' title='bbox 1384 3458 1644 3537; x_wconf 89' lang='lat' dir='ltr'>implens</span> <span class='ocrx_word' id='word_1_226' title='bbox 1669 3456 1689 3515; x_wconf 76' lang='grc' dir='ltr'><em>Ρ</em></span> 
     </span>
    </p>

    <p class='ocr_par' dir='ltr' id='par_1_5' title="bbox 231 3544 1960 3722">
     <span class='ocr_line' id='line_1_34' title="bbox 312 3544 1960 3630; baseline 0.001 -26"><span class='ocrx_word' id='word_1_227' title='bbox 312 3544 390 3607; x_wconf 88' lang='lat' dir='ltr'>A.</span> <span class='ocrx_word' id='word_1_228' title='bbox 436 3546 650 3625; x_wconf 91' lang='lat' dir='ltr'>Neque</span> <span class='ocrx_word' id='word_1_229' title='bbox 680 3547 840 3606; x_wconf 87' lang='lat' dir='ltr'>unde</span> <span class='ocrx_word' id='word_1_230' title='bbox 869 3550 1089 3628; x_wconf 91' lang='lat' dir='ltr'>repleri</span> <span class='ocrx_word' id='word_1_231' title='bbox 1113 3561 1336 3630; x_wconf 90' lang='lat' dir='ltr'>potest,</span> <span class='ocrx_word' id='word_1_232' title='bbox 1362 3573 1476 3612; x_wconf 90' lang='lat' dir='ltr'>nec</span> <span class='ocrx_word' id='word_1_233' title='bbox 1507 3551 1654 3630; x_wconf 93' lang='lat' dir='ltr'>quid</span> <span class='ocrx_word' id='word_1_234' title='bbox 1677 3558 1960 3627; x_wconf 88' lang='lat' dir='ltr'>sequutu-</span> 
     </span>
     <span class='ocr_line' id='line_1_35' title="bbox 231 3641 1959 3722; baseline 0 -22"><span class='ocrx_word' id='word_1_235' title='bbox 231 3660 367 3700; x_wconf 92' lang='lat' dir='ltr'>rum</span> <span class='ocrx_word' id='word_1_236' title='bbox 397 3641 475 3702; x_wconf 89' lang='lat' dir='ltr'>sit</span> <span class='ocrx_word' id='word_1_237' title='bbox 504 3641 644 3701; x_wconf 90' lang='lat' dir='ltr'>sciri</span> <span class='ocrx_word' id='word_1_238' title='bbox 673 3661 850 3720; x_wconf 90' lang='lat' dir='ltr'>posse</span> <span class='ocrx_word' id='word_1_239' title='bbox 888 3652 1057 3722; x_wconf 87' lang='lat' dir='ltr'>puto,</span> <span class='ocrx_word' id='word_1_240' title='bbox 1087 3646 1204 3706; x_wconf 90' lang='lat' dir='ltr'>nisi</span> <span class='ocrx_word' id='word_1_241' title='bbox 1247 3654 1467 3705; x_wconf 89' lang='lat' dir='ltr'>natura</span> <span class='ocrx_word' id='word_1_242' title='bbox 1509 3646 1665 3705; x_wconf 91' lang='lat' dir='ltr'>aeris</span> <span class='ocrx_word' id='word_1_243' title='bbox 1709 3645 1788 3703; x_wconf 93' lang='lat' dir='ltr'>sit</span> <span class='ocrx_word' id='word_1_244' title='bbox 1818 3652 1959 3702; x_wconf 89' lang='lat' dir='ltr'>ante</span> 
     </span>
    </p>

    <p class='ocr_par' dir='ltr' id='par_1_6' title="bbox 1668 3758 1764 3798">
     <span class='ocr_line' id='line_1_36' title="bbox 1668 3758 1764 3798; baseline -0.052 0"><span class='ocrx_word' id='word_1_245' title='bbox 1668 3758 1711 3798; x_wconf 84' lang='lat' dir='ltr'>R</span> <span class='ocrx_word' id='word_1_246' title='bbox 1741 3759 1764 3793; x_wconf 87' lang='lat'>2</span> 
     </span>
    </p>
   </div>
  </div>
 </body>
</html>
