2462 4120
229 541 341 574 CAP.
368 543 417 574 X.

197 597 436 625 κ--Ὑ--κ

203 647 260 681 De
276 647 446 692 petitione

201 701 331 746 prima,
346 705 412 736 etc.

509 370 628 424 4l2
739 384 828 426 DE
862 386 1244 430 PRINCIPIIS
1279 390 1363 430 ET
1396 389 1998 432 RATIOCINATIONE

510 520 921 592 militudines;
968 545 1225 605 cumque
1274 528 1572 606 principia
1613 527 2071 587 demonstrandi
2115 528 2236 588 sint

511 613 936 677 definitiones:
969 621 1272 698 quomodo
1305 623 1581 680 excusari
1603 633 1861 700 possunt
1889 622 2236 700 geometriae

508 709 801 786 magistri,
832 713 935 790 qui
963 723 1136 773 tanto
1166 715 1299 774 aliis
1330 716 1736 775 accuratiores
1765 716 1976 776 haberi
2002 716 2234 788 volunt,

507 802 670 879 quod
714 822 1009 884 nusquam
1055 827 1250 886 neque
1297 808 1719 886 quantitatem,
1764 829 1963 888 neque
1992 829 2236 868 mensu-

504 916 654 967 ram,
676 918 869 977 neque
901 900 1355 960 similitudinem
1386 902 1787 960 definierunt:
1817 922 2013 982 neque
2041 903 2234 981 ipsam

503 993 1048 1068 geometriam,cui-,
1068 1005 1135 1053 ut
1155 995 1415 1067 videtur,
1434 994 1677 1053 studere
1700 996 1974 1055 homines
1997 1017 2234 1076 aequum

504 1105 633 1144 esse
685 1087 1201 1156 existimaverunt,
1234 1102 1560 1167 antequam
1604 1090 1829 1149 scirent
1873 1092 1974 1149 cui
2024 1090 2233 1151 hono?

503 1179 907 1240 Geometriam
940 1193 1106 1241 recte
1138 1183 1391 1240 definias
1438 1202 1586 1253 esse,
1627 1183 1948 1242 scientiam
1991 1206 2114 1263 qua
2156 1206 2233 1244 ex

503 1272 716 1353 aliqua
773 1276 870 1334 vel
918 1275 1226 1354 aliquibus
1270 1276 1800 1355 magnitudinibus
1844 1279 2231 1351 mensuratis,

503 1368 922 1446 cognoscimus
946 1389 1069 1447 per
1097 1369 1627 1428 ratiocinationem
1656 1370 1823 1428 alias
1853 1392 1967 1430 non
1997 1392 2232 1431 mensu-

501 1469 675 1519 ratas
699 1485 720 1519 .·
773 1483 1118 1521 mensuram
1170 1474 1376 1521 autem
1422 1483 1570 1536 esse,
1617 1464 1941 1523 materiale
1997 1463 2240 1545 aliquid

502 1557 671 1635 quod
708 1556 955 1615 habenti
1001 1557 1486 1637 magnitudinem
1517 1558 1897 1638 applicatum
1926 1559 2114 1619 semel
2137 1559 2237 1619 vel

490 1650 755 1730 plume-5⁸,
787 1651 986 1730 ipsam
1016 1661 1218 1730 oequat
1238 1674 1261 1719 ;
1306 1653 1579 1712 videmus
1628 1655 1787 1712 enim
1830 1656 2020 1714 lineas
2061 1675 2231 1714 men-

501 1746 694 1803 surari
723 1746 897 1823 pede,
928 1746 1199 1819 brachio,
1232 1757 1371 1817 etc.,
1402 1748 1584 1825 plana
1628 1749 1844 1826 planis,
1894 1749 2087 1809 solida
2133 1769 2230 1808 so-

499 1838 656 1911 lidis,
697 1840 884 1898 fluida
913 1842 1156 1900 vasibus
1204 1861 1311 1900 seu
1361 1842 1510 1901 locis
1557 1844 1863 1922 congruis.
1950 1845 2232 1924 AEqualia

499 1944 700 1993 autem
733 1955 863 1994 esse
896 1935 1080 2008 diceS,
1115 1957 1243 2015 quce
1283 1937 1475 1996 eidem
1523 1936 1654 1996 loeo
1700 1959 2040 2018 congruere
2076 1959 2230 2018 pos-

499 2036 672 2087 sunt:
699 2029 932 2099 similia,
955 2050 1083 2107 qua*
1102 2029 1234 2088 sola
1255 2030 1548 2108 differunt
1567 2033 2021 2112 magnitudine:
2041 2053 2230 2111 quan-

501 2122 738 2181 titatem
782 2123 1041 2201 denique
1088 2123 1570 2203 magnitudinem
1613 2125 1948 2202 definitam,
1990 2146 2228 2204 nempe,

498 2218 873 2295 expositione
903 2227 1010 2276 aut
1035 2219 1485 2296 comparatione
1510 2239 1647 2278 cum
1667 2220 1786 2279 alia
1809 2220 2228 2299 magnitudine

499 2311 763 2387 cognita.
854 2310 1004 2370 Quae
1034 2310 1416 2371 definitiones
1446 2323 1507 2371 et
1536 2312 1743 2372 faciles
1775 2323 1933 2386 sunt,
1966 2322 2027 2373 et
2057 2315 2226 2393 prin-

497 2404 656 2482 cipia
685 2404 1162 2464 demonstrandi.

582 2498 840 2571 ClaviUS,
873 2499 952 2558 ad
995 2520 1172 2578 prop.
1205 2507 1304 2559 22.
1346 2499 1525 2579 hujus
1556 2501 1859 2560 Elementi
1899 2503 2085 2575 tertii,
2119 2502 2225 2561 de-

496 2602 814 2665 monstrat,
845 2594 1005 2672 quod
1036 2595 1092 2653 si
1123 2594 1242 2653 duo
1274 2602 1380 2653 aut
1415 2594 1639 2674 plures
1669 2595 1894 2654 circuli
1921 2616 1989 2654 se
2019 2605 2222 2656 mutuo

495 2694 763 2766 tangant
787 2687 1039 2745 interius
1070 2688 1132 2746 in
1165 2708 1279 2746 uno
1301 2696 1552 2767 punctO,
1585 2710 1624 2747 a
1650 2710 1760 2768 quo
1793 2690 1928 2748 duae
1952 2699 2061 2749 aut
2078 2690 2223 2770 plu-

494 2799 595 2838 res
624 2788 808 2839 reetce
836 2781 1189 2855 educantur,
1219 2790 1398 2840 erunt
1428 2790 1490 2841 et
1521 2802 1704 2841 arcus
1735 2783 1896 2842 inter
1925 2804 2224 2863 quascun-

494 2894 603 2952 que
627 2874 783 2933 duas
813 2874 1011 2933 lineas
1035 2875 1384 2955 intercepti,
1406 2883 1468 2934 et
1491 2895 1678 2934 arcus
1709 2877 1873 2936 inter
1896 2898 2221 2957 quameun-

491 2988 609 3046 que
628 2967 852 3027 lineam
869 2977 930 3026 et
950 2977 1244 3048 punctum
1270 2977 1585 3028 contactus
1604 2970 1945 3050 intercepti,
1968 2971 2222 3031 similes.

491 3062 769 3139 Exempli
797 3063 1031 3140 gratia:
1077 3063 1140 3120 in
1175 3063 1372 3140 figura
1402 3063 1480 3121 ad
1512 3065 1662 3143 Cap.
1693 3065 1818 3136 viii,
1859 3085 2036 3124 arcus
2067 3065 2219 3126 duos

494 3157 635 3228 ΒΜ,
658 3156 771 3215 ΒΝ
803 3156 1183 3215 demonstrat
1207 3176 1338 3215 esse
1369 3157 1609 3217 simileS.
1668 3159 1747 3218 Et
1765 3159 2010 3238 quidem
2034 3169 2218 3219 recte.

495 3250 616 3310 Sed
647 3270 721 3310 ex
751 3270 823 3309 eo
854 3259 1138 3328 sequetur
1167 3270 1375 3311 arcum
1405 3261 1730 3331 utrumque
1760 3253 1984 3312 habere
2012 3253 2221 3313 latitu-

493 3346 694 3404 dinem
725 3345 1005 3424 aliquam,
1036 3345 1329 3422 majorem
1359 3348 1670 3424 majorem,
1702 3347 1996 3406 minorem
2026 3348 2220 3407 mino-

492 3460 660 3498 rem:
707 3439 930 3518 alioqui
975 3438 1193 3497 falsum
1241 3439 1373 3511 erit,
1422 3440 1636 3518 Apelle
1677 3440 1905 3519 judice,
1952 3441 2048 3500 vel
2099 3442 2218 3501 alio

492 3535 704 3613 quovis
760 3533 1028 3612 pictore:
1091 3552 1230 3591 cum
1286 3533 1350 3591 in
1402 3534 1697 3594 similibus
1755 3535 2015 3594 arcubus
2068 3534 2218 3594 inae-

492 3628 768 3706 qualibus
843 3626 1194 3686 latitudines
1281 3627 1552 3706 ipsorum
1631 3648 1882 3688 arcuum
1953 3628 2217 3708 aequales
