2462 4120
493 366 614 419 440
744 377 831 418 DE
867 378 1246 421 PRINCIPIIS
1283 381 1366 421 ET
1398 380 1996 423 RATIOCINATIONE

163 536 274 568 CAP.
302 537 446 570 xv111.
493 515 906 594 multiplicatis
943 524 1100 579 1000
1130 519 1386 598 pedibus
1417 540 1526 598 per
1563 540 1884 581 numerum
1932 524 2066 591 100,
2096 518 2215 578 ori-

165 631 220 665 ne
238 632 359 694 ωψσε
493 619 594 668 tur
625 610 815 669 cubus
838 631 875 669 a
902 618 1032 671 toto
1062 612 1270 672 latere.
1358 614 1695 673 Potuerunt
1725 613 1935 672 eadem
1957 612 2214 684 ratione,

165 689 444 728 ”merwa’e‘c'
493 703 686 764 diviso
727 704 918 764 latere
950 706 1231 784 quadrati
1258 707 1557 778 bifariam,
1591 727 1665 766 ex
1711 706 2217 785 multiplicatione

493 806 529 857 2
562 797 625 856 in
647 806 684 859 2
716 800 1111 877 pronuntiare
1141 809 1400 879 quatuor
1430 801 1773 860 semilatera
1801 800 2059 879 aequalia
2086 818 2218 859 esse

490 891 607 970 ipsi
637 893 955 972 quadratO.

574 986 730 1046 Haec
769 996 838 1047 tu
875 987 1231 1047 absurdiora
1274 1007 1404 1046 esse
1448 989 1710 1066 putabis,
1741 1008 1923 1067 quam
1954 995 2024 1047 ut
2052 987 2216 1066 quis-

490 1100 672 1158 quam
701 1081 789 1141 ita
817 1091 1216 1160 computaret.
1290 1082 1412 1141 Sed
1441 1083 1529 1142 ita
1558 1093 1651 1142 est
1677 1107 1691 1142 ε
1734 1103 1848 1142 nec
1878 1082 2115 1153 moniti,
2138 1081 2215 1142 ab

488 1174 592 1233 illa
637 1177 1091 1254 computatione
1139 1175 1455 1235 desistunt.
1545 1177 1642 1236 Ita
1672 1176 2044 1254 computavit
2071 1195 2217 1254 geo-

487 1278 683 1328 metra
712 1270 977 1347 quidam,
1010 1270 1132 1348 qui,
1163 1279 1414 1348 propter
1446 1270 1668 1330 librum
1699 1290 1879 1348 quem
1907 1269 2218 1347 inscripsit

489 1363 912 1438 Mesolabium,
946 1364 1200 1423 celebris
1244 1374 1378 1423 est:
1425 1366 1810 1444 monitusque
1858 1362 2096 1435 erroriS,
2127 1382 2218 1422 re-

491 1457 736 1535 spondit
766 1458 852 1516 ita
881 1477 944 1517 se
985 1467 1370 1536 computasse
1411 1458 1569 1518 sicut
1615 1465 2048 1537 computarunt
2076 1475 2216 1535 geo-

490 1561 703 1609 metrae
762 1571 970 1610 omnes
1014 1551 1116 1630 qui
1164 1551 1432 1623 fuerunt,
1474 1553 1578 1630 qui
1618 1562 1780 1625 sunt,
1826 1560 1887 1610 et
1931 1550 2034 1628 qui
2075 1559 2219 1628 post

491 1654 671 1703 erunt
700 1644 832 1703 aliis
865 1645 925 1703 in
957 1646 1150 1704 annis,
1238 1645 1406 1704 Nihil
1437 1666 1582 1724 ergo
1620 1646 1721 1706 hic
1762 1645 2077 1704 calumniae
2105 1653 2219 1703 est.

493 1738 658 1798 Quid
696 1748 901 1798 autem
940 1740 1074 1800 illos
1104 1761 1140 1799 a
1169 1759 1349 1800 sensu
1394 1741 1703 1800 communi
1749 1740 2055 1821 seducere
2080 1748 2218 1799 tan-

490 1843 621 1892 tum
650 1835 851 1912 potuit
875 1834 895 1893 ἓ

570 1927 826 2007 Decepit
854 1929 1007 2002 illos,
1038 1929 1255 2008 prim0,
1286 1929 1423 1989 idea
1453 1929 1736 2009 quadrati
1765 1927 2002 1988 numeri
2025 1925 2220 2006 qualis

489 2022 859 2100 appingitur,
890 2023 952 2082 in
983 2043 1102 2101 qua
1130 2023 1323 2083 latera
1363 2024 1768 2103 multiplicata
1796 2024 1862 2082 in
1893 2041 1957 2082 se
1985 2021 2235 2094 faciunt,¹

490 2136 810 2175 numerum
843 2117 1227 2196 quadratum.

575 2211 875 2284 SecundO,
907 2211 1144 2291 decepit
1172 2212 1326 2283 illos,
1359 2211 1522 2291 quod
1560 2211 1931 2272 crediderint
1961 2209 2220 2271 eandem

491 2324 620 2364 esse
666 2325 813 2378 rem,
850 2306 1253 2385 multiplicare
1291 2317 1495 2385 partes
1539 2307 1700 2365 inter
1743 2326 1807 2365 se

491 2409 552 2458 et
611 2398 831 2458 ducere
888 2420 1078 2458 unum
1149 2399 1308 2459 latus
1375 2400 1438 2459 in
1505 2400 1798 2459 alterum:

485 2495 661 2572 juxta
698 2494 897 2554 ideam
942 2494 1223 2574 quadrati
1259 2495 1614 2573 geometrici
1643 2494 1799 2566 talis,

490 2589 593 2647 ubi
621 2588 739 2646 tria
767 2588 956 2648 latera
978 2589 1381 2668 multiplicata
1408 2610 1517 2668 per
1543 2597 1579 2649 3
1603 2609 1802 2667 aequa-

487 2683 568 2743 lia
598 2703 724 2742 esse
754 2684 966 2743 volunt
994 2685 1109 2762 ipsi
1139 2684 1452 2763 quadrato.

571 2778 798 2850 Terti0,
840 2778 1080 2857 decepit
1124 2779 1260 2838 illos
1311 2778 1645 2837 authoritas
1689 2778 1804 2837 Ar-

490 2871 801 2945 chimediS,
845 2874 1043 2952 (cujus
1083 2873 1344 2932 hominis
1388 2882 1639 2951 propter
1676 2882 1804 2932 stu-
1898 2872 2199 3026 Ra

487 2964 922 3044 pendissimum
952 2968 1265 3047 ingenium
1286 2968 1661 3027 mentionem
1686 2967 1802 3026 hoc

488 3059 624 3119 loco
659 3059 885 3119 invitus
928 3061 1139 3139 facio),
1173 3062 1276 3141 qui
1316 3061 1802 3140 magnitudinem
1900 3031 2047 3181 A

491 3153 997 3214 circumferentiae
1028 3157 1239 3216 circuli
1276 3177 1386 3235 per
1425 3157 1605 3235 hujus
1635 3156 1800 3216 modi

489 3247 1055 3326 multiplicationem
1081 3250 1498 3310 demonstrare
1519 3261 1773 3310 conatus
1797 3260 1906 3311 est.
1961 3254 2215 3328 Deinde,

490 3342 711 3402 saeculo
751 3342 1025 3421 proxime
1071 3346 1399 3423 superiore,
1431 3345 1495 3403 in
1535 3344 1768 3404 calculo
1799 3345 2216 3408 subtensarum

490 3436 702 3496 eadem
732 3436 1018 3496 methodo
1049 3458 1192 3498 usus
1223 3447 1315 3498 est
1347 3438 1721 3516 Copernicus
1753 3449 1815 3498 et
1846 3441 2215 3520 Regiomon-

490 3541 669 3590 tanus
691 3532 754 3590 in
780 3531 1059 3591 doctrina
1079 3533 1543 3612 triangulorum,
1561 3543 1623 3592 et
1645 3543 1953 3611 postremo
1973 3534 2214 3597 Clavius

488 3626 551 3684 in
603 3626 826 3687 tabulis
878 3626 1210 3687 condendis
1263 3629 1523 3702 sinuum,
1569 3629 1974 3708 tangentium,
2015 3639 2076 3691 et
2121 3650 2215 3691 se-

490 3720 775 3780 cantium.
