2462 4120
645 396 1111 439 PROBLEMATA
1146 395 1466 437 PHYsch.
1805 387 1917 439 341

191 558 195 562 ·
266 533 344 595 B.
392 535 554 596 Quia
574 542 793 613 puteus
814 533 1156 613 profundus
1179 544 1274 592 est
1292 534 1485 593 instar
1508 536 1675 594 urcei
1694 538 1922 615 magni,

186 631 361 708 cujus
404 629 786 707 superficiem
834 628 1125 687 extimam
1166 625 1382 686 radere
1412 647 1517 686 aer
1545 648 1669 688 non
1698 641 1922 708 potest,

183 723 302 782 nisi
347 733 530 795 terra,
579 743 699 802 qua
750 721 1145 781 circundatus
1192 730 1285 779 est
1335 740 1573 796 urceuS,
1623 724 1799 784 valde
1844 725 1924 785 sit

184 817 526 896 spongiosa.

266 912 348 972 A.
395 912 519 971 Cur
546 932 670 972 non
702 911 1063 991 congelatur
1091 910 1322 983 vinum,
1355 909 1513 969 sicut
1543 911 1740 988 aqua?

239 1048 241 1050 -
268 1006 349 1065 Β.
392 1007 598 1066 Etiam
619 1007 830 1067 vinum
861 1005 1303 1084 congelabitur,
1330 1004 1381 1064 si
1408 1003 1603 1082 frigus
1637 1025 1924 1084 magnum

183 1100 263 1160 sit
310 1111 373 1161 et
420 1101 797 1162 diuturnum.
887 1101 1009 1161 Sed
1069 1109 1269 1160 motus
1322 1099 1601 1159 internus
1657 1101 1925 1179 partium

180 1195 326 1269 vini,
358 1196 519 1256 sicut
558 1206 622 1256 et
668 1196 1001 1255 multorum
1045 1194 1306 1254 aliorum
1348 1194 1676 1274 liquorum,
1709 1194 1927 1255 fortior

183 1298 294 1360 est,
327 1300 390 1351 et
417 1291 483 1350 in
514 1291 848 1369 majoribus
892 1290 1154 1362 circulis,
1188 1310 1369 1368 quam
1413 1299 1618 1348 motus
1657 1290 1925 1367 partium

183 1405 398 1464 aquae:
446 1396 509 1446 et
558 1395 884 1466 propterea
921 1385 1123 1444 minus
1153 1385 1329 1444 facile
1372 1383 1729 1456 indurescit,
1769 1404 1926 1462 prae-

183 1480 395 1540 sertim
438 1501 629 1560 usque
674 1481 753 1540 ad
796 1491 1098 1540 centrum.
1186 1480 1400 1539 Partes
1429 1479 1593 1538 enim
1620 1478 1748 1538 vini
1778 1499 1925 1557 qua-

182 1594 319 1633 rum
350 1584 444 1635 est
473 1587 676 1635 motus
706 1575 806 1634 ille
835 1575 1030 1648 sortiS‚
1060 1574 1366 1653 recipiunt
1406 1594 1470 1634 se
1514 1574 1594 1633 ad
1623 1582 1924 1633 centrum.

182 1670 326 1729 Vini
356 1679 560 1730 autem
591 1670 756 1750 quod
786 1670 910 1730 illic
941 1679 1053 1743 est,
1077 1669 1313 1748 reliquo
1346 1668 1690 1748 congelato,
1722 1667 1926 1727 fortis-

184 1764 405 1824 simum
437 1773 544 1825 est.

892 2032 1218 2054 ¹1

900 2247 1071 2306 CAP.
1100 2248 1205 2307 VI.

268 2413 735 2456 PROBLEMATA
768 2414 857 2455 DE
892 2414 1172 2468 PLUV1A‚
1205 2416 1464 2471 VENTO,
1498 2415 1832 2465 ALIISQUE

713 2499 888 2540 COELI
922 2499 1469 2543 VARIETATIBUS.

268 2617 351 2677 A.
399 2618 588 2678 QUID
621 2617 890 2696 pluviam
921 2618 1124 2691 efficit,
1157 2627 1218 2677 et
1248 2619 1557 2696 quomodo
1584 2619 1605 2678 ?

272 2710 351 2769 Β.
399 2712 640 2771 Motum
672 2712 827 2771 aeris
853 2712 1123 2791 (qualem
1152 2723 1296 2772 ante
1328 2714 1674 2794 descripsi),
1700 2734 1926 2773 conan-

185 2813 311 2862 tem
368 2805 447 2864 ad
501 2806 770 2884 partium
829 2806 986 2867 aeris
1039 2807 1529 2887 diremptionem,
1581 2808 1925 2868 necessario

188 2899 462 2976 sequitur
530 2909 786 2959 conatus
852 2911 1183 2979 perpetuus
1248 2903 1416 2981 (quia
1472 2904 1642 2962 locus
1699 2922 1926 2962 vacuus

186 2992 390 3051 nullus
437 2993 554 3069 est)
602 2994 871 3052 omnium
913 2996 1181 3073 partium
1218 2997 1547 3057 fluidarum
1600 3018 1736 3076 quae
1782 3006 1926 3055 sunt

186 3086 250 3144 in
295 3086 612 3164 superficie
663 3087 918 3161 telluriS‚
952 3089 1031 3148 ad
1075 3090 1180 3149 illa
1224 3091 1359 3150 loca
1407 3092 1745 3170 supplenda
1790 3111 1925 3169 quae

186 3180 412 3258 alioqui
458 3190 660 3239 essent
690 3201 902 3241 vacua.
992 3183 1156 3243 Hinc
1199 3186 1290 3258 fit,
1322 3195 1390 3245 ut
1421 3186 1607 3245 maris
1639 3195 1700 3244 et
1743 3194 1925 3244 terrae

186 3284 391 3353 partes
435 3273 810 3333 fluidissimae
856 3284 918 3334 et
968 3278 1392 3339 minutissimae
1437 3290 1754 3358 surgentes
1799 3278 1926 3337 aeri

190 3389 255 3428 se
283 3368 702 3427 immisceant:
727 3364 729 3366 ’
750 3388 884 3446 quae
915 3371 1189 3432 collectae
1216 3374 1373 3432 fiunt
1405 3375 1617 3433 nubeS.
1686 3373 1924 3431 Harum

187 3482 329 3542 pars
386 3462 652 3521 maxima
709 3462 850 3521 inde
899 3465 1092 3524 oritur
1137 3467 1243 3525 ubi
1292 3471 1559 3527 maxima
1606 3476 1699 3527 est
1749 3485 1923 3542 aquae

189 3557 520 3636 quantitas,
579 3557 886 3627 nimirum,
940 3579 976 3616 a
1025 3562 1301 3637 partibus
1354 3563 1567 3621 oceani
1625 3559 1922 3631 maximis,

189 3673 326 3730 quae
379 3660 521 3710 sunt
560 3671 726 3710 mare
773 3651 1072 3726 Indicum,
1104 3674 1270 3715 mare
1302 3656 1603 3726 Australe‚
1652 3665 1712 3713 et
1758 3673 1924 3712 mare

2015 557 2127 589 CAP.
2155 557 2203 590 V·

1993 613 2232 641 s--rd

2023 665 2079 700 De
2096 666 2190 700 duro

2021 724 2058 754 et
2075 718 2189 755 molli.
