2462 4120
563 389 684 443 518
1023 406 1499 454 QUADRATURA
1534 411 1836 467 cmc-um,

204 560 273 602 An
299 560 438 593 mop,
466 562 535 595 XI.
559 541 829 601 numeris
859 562 983 602 non
1014 546 1392 621 examinabO,
1425 569 1566 608 cum
1595 549 1782 609 sciam
1814 569 1945 610 esse
1988 550 2292 612 incertum

561 635 636 700 ab
668 636 802 714 ipsa
831 637 1178 698 tabularum
1209 643 1665 702 constructione
1694 643 1868 703 falsa.

990 823 1082 865 AD
1117 826 1690 870 PROPOSITIONEM
1724 830 1856 872 XII.

563 964 567 970 .
641 920 980 998 Propositio
1011 923 1095 981 xii
1153 933 1262 997 est,
1321 925 1478 985 latus
1538 926 1678 986 cubi
1734 928 1987 1004 sphaerae
2033 928 2293 988 circum-

558 1014 771 1092 scripti
815 1015 1092 1079 additum
1132 1018 1309 1077 lateri
1362 1020 1502 1078 cubi
1555 1021 1618 1078 in
1663 1021 1875 1080 eadem
1920 1022 2158 1100 sphaera
2199 1023 2294 1082 in-

559 1108 771 1185 scripti
815 1120 1049 1169 rectam
1096 1113 1415 1171 constituit
1462 1112 1756 1191 aequalem
1809 1115 2292 1193 semiperimetro

555 1202 807 1260 maximi
836 1203 908 1262 in'
931 1205 1174 1281 ‘sphaera
1204 1206 1434 1265 circuli.

560 1343 562 1348 ,
640 1297 846 1376 Negat
875 1299 1032 1357 hanc
1064 1319 1193 1358 esse
1217 1319 1461 1358 veram:
1495 1300 1636 1377 quia
1667 1299 2054 1379 quadratum,
2075 1302 2292 1381 inquit5

552 1410 591 1449 a
641 1390 748 1450 BG
793 1411 918 1450 non
967 1401 1057 1451 est
1109 1393 1360 1471 triplum
1407 1392 1689 1471 quadrati
1735 1414 1773 1452 a
1811 1394 1925 1468 Ga,
1969 1404 2294 1474 propterea

555 1483 717 1562 quod
750 1484 839 1542 Br
867 1485 1171 1563 producta
1205 1507 1328 1544 non
1358 1486 1647 1545 transibit
1675 1506 1786 1564 per
1815 1507 1873 1546 a.

639 1579 804 1637 Huic
840 1579 1167 1657 objectioni
1197 1599 1557 1657 responsum
1587 1589 1678 1639 est
1700 1580 1764 1639 in
1794 1581 2188 1659 responsione
2213 1583 2294 1644 ad

555 1673 928 1750 objectiones
958 1674 1234 1752 proxime
1265 1674 1627 1752 superiores,

557 1826 560 1831 .
638 1768 843 1846 Negat
874 1768 1096 1827 deinde
1125 1778 1359 1828 rectam
1391 1769 1480 1827 As
1510 1769 1905 1828 transituram
1932 1788 2043 1848 per
2082 1790 2292 1830 omnes

553 1862 1014 1922 intersectiones
1061 1882 1239 1922 arcus
1297 1863 1385 1921 Zn
1438 1883 1577 1922 cum
1619 1862 1774 1931 ἂμ*
1813 1872 1966 1922 etc.:
2010 1883 2082 1922 eo
2129 1865 2292 1942 quod

553 1957 685 2029 AC,
718 1957 849 2030 AY,
880 1958 1004 2030 AZ,
1037 1956 1137 2016 Ah
1169 1966 1307 2030 etc.,
1339 1977 1466 2017 non
1519 1967 1662 2017 sunt
1705 1958 1995 2021 continue
2038 1978 2292 2037 propor-

554 2049 835 2110 tionales.

639 2143 762 2203 Sed
810 2145 1298 2223 proportionales
1350 2163 1479 2204 esse
1531 2144 1610 2203 ad
1653 2164 1825 2223 prop.
1850 2165 1889 2203 v
1919 2144 2140 2204 iterum
2184 2144 2290 2204 de-

552 2249 959 2297 monstratum
1009 2249 1122 2297 est.
1210 2239 1455 2298 Possem
1509 2238 1711 2310 etiam,
1763 2238 1814 2296 si
1860 2239 2077 2297 vellem
2133 2241 2291 2299 tanti

553 2352 754 2390 emere
812 2332 1158 2403 maledicta,
1219 2331 1639 2391 demonstrare
1683 2331 1846 2411 quod
1892 2341 2061 2392 recta
2105 2333 2291 2393 ducta

550 2444 662 2503 per
692 2426 746 2484 D
778 2435 839 2485 et
871 2426 928 2483 G
955 2425 1243 2484 transiret
1273 2445 1382 2503 per
1411 2445 1463 2495 S,
1487 2436 1669 2504 atque
1701 2425 1947 2484 ductam
1978 2426 2062 2484 Bs
2091 2447 2292 2506 aequa-

551 2519 672 2577 lem
719 2539 850 2579 esse
898 2528 1082 2578 rectae
1126 2519 1262 2580 YQ.
1350 2520 1527 2592 Item,
1579 2528 1810 2578 rectam
1854 2518 1969 2579 AO
2026 2521 2290 2582 mediam

553 2633 683 2673 esse
740 2613 1262 2693 proportionalem
1319 2613 1482 2672 inter
1538 2623 1739 2672 totum
1796 2634 2006 2672 arcum
2065 2614 2171 2673 BC
2226 2625 2290 2676 et

553 2709 873 2768 dimidium
920 2708 1210 2787 ejusdem.
1302 2707 1424 2766 Sed
1460 2708 1739 2787 relinquo
1782 2708 1915 2768 haec
1957 2708 2288 2769 Professori

551 2804 859 2864 Saviliano
890 2802 1385 2862 demonstranda.

638 2898 894 2970 Quarto,
924 2905 1110 2974 negat
1140 2897 1363 2955 cubum
1394 2916 1430 2954 a
1454 2897 1537 2955 Ze
1568 2896 1819 2974 duplum
1851 2915 1981 2955 esse
2027 2896 2166 2955 cubi
2209 2897 2286 2956 ab

550 2991 651 3051 eb:
697 2993 839 3071 quia
883 2986 1007 3050 non
1054 3000 1215 3062 sunt,
1246 2990 1462 3068 inquit,
1494 2990 1614 3063 CG,
1646 2991 1747 3064 Ze,
1779 2989 1870 3063 eb,
1902 2990 1971 3049 kl
1997 2990 2286 3050 continue

550 3086 1057 3166 proportionales,

634 3183 764 3260 Ego
802 3201 948 3241 vero
996 3199 1096 3238 eas
1148 3199 1276 3238 esse
1322 3179 1613 3238 continue
1656 3178 2140 3258 proportionales
2179 3177 2285 3237 de-

550 3276 889 3336 monstravi
917 3275 1137 3334 iterum
1170 3294 1207 3332 a
1234 3293 1408 3351 prop.
1438 3293 1497 3332 v.

544 3419 547 3421 .
633 3372 862 3430 Omnes
889 3389 1034 3447 ergo
1057 3368 1506 3446 propositiones
1530 3386 1699 3440 meae,
1720 3375 1970 3445 excepta
1996 3364 2282 3439 secunda,

548 3485 586 3524 a
614 3465 962 3525 Professore
993 3462 1237 3541 publico
1265 3461 1600 3520 incolumes
1623 3469 1784 3520 sunt.

1009 3683 1036 3710 *
1078 3681 1158 3729 Sic
1178 3682 1295 3734 edit.
1331 3683 1470 3729 1669.
1546 3679 1718 3738 Quaere
1741 3678 1836 3726 eb?
