2462 4120
646 332 1173 376 MATHEMATICAE
1210 335 1616 381 HODIERNAE.
1877 332 1895 383 l
1923 332 1984 384 11

254 483 332 536 64
361 501 375 545 ;
421 474 593 552 cujus
623 472 799 531 radix
831 479 868 531 8
899 472 1149 551 aequalis
1190 481 1282 531 est
1317 473 1510 532 radici
1539 478 1778 536 numeri
1810 485 1847 537 9
1872 499 1995 538 una
2055 493 2302 526 DIALOGUS

257 590 395 630 cum
424 567 617 627 radici,
658 567 896 626 numeri
927 574 1028 626 25.
1118 567 1590 626 Demonstratur
1637 581 1842 631 autem
1889 574 1993 633 sic.
2064 619 2092 636 „
2126 561 2302 635 „HI—,⁸

258 662 686 741 Multiplicatae
715 662 878 720 inter
903 680 965 719 se
991 659 1229 720 radices
1259 659 1494 719 faciunt
1523 682 1711 722 unum
1743 686 1816 724 ex
1836 687 1997 726 com-

256 756 610 838 plementis;
664 765 727 816 et
779 755 1123 834 duplicatus
1174 754 1324 814 facit
1375 754 1496 814 duo
1556 760 1999 836 complementa

257 852 337 912 ad
390 851 541 911 duos
602 850 953 930 quadratos,
1003 857 1040 908 9
1087 857 1148 908 et
1196 857 1296 921 25,
1344 867 1526 927 super
1570 853 1824 912 eandem
1873 855 2000 913 dia-

256 946 533 1025 gonalem
583 945 945 1024 dispositos3
1006 943 1229 1003 additis
1275 962 1422 1020 ergo
1476 943 1622 1022 ipsis
1668 948 1999 1023 quadratis,

257 1042 327 1100 fit
384 1039 753 1119 quadrat-um
804 1060 841 1098 a
886 1048 1056 1098 recta
1096 1037 1316 1118 aequali
1348 1037 1642 1098 lateribus
1687 1042 1999 1102 ambobuS.

262 1135 432 1195 Illius
464 1155 611 1214 ergo
657 1134 832 1194 radix
872 1134 1120 1213 aequalis
1151 1141 1243 1193 est
1273 1134 1527 1192 summae
1558 1133 1832 1193 radicum
1863 1157 2002 1214 pro-

258 1230 616 1310 positarum.

348 1324 429 1384 B.
476 1324 688 1383 Recte.
776 1322 1123 1402 Multiplica
1174 1323 1303 1401 jam
1350 1341 1674 1382 numerum
1732 1323 2004 1385 radicum

262 1420 327 1479 in
355 1438 675 1479 numerum
709 1418 1005 1478 radicum.

350 1513 431 1574 A.
477 1512 716 1591 Regula
745 1521 839 1572 est
860 1513 1011 1572 haec.
1079 1513 1356 1572 Ducatur
1379 1511 1820 1591 quadratorum
1850 1534 2006 1574 unus

264 1611 330 1670 in
348 1609 607 1670 alterum
629 1633 643 1676 ;
673 1607 848 1666 radix
871 1607 1157 1686 producti
1181 1607 1624 1686 multiplicetur
1647 1628 1756 1686 per
1779 1608 2009 1668 factum

265 1725 340 1764 ex
370 1705 658 1763 numeris,
746 1701 1027 1780 Exempli
1066 1722 1284 1761 causa:
1332 1703 1456 1762 sint
1488 1710 1525 1763 8
1573 1703 1812 1762 radices
1865 1723 2008 1781 qua-

267 1797 516 1858 draticae
529 1795 766 1855 numeri
784 1802 822 1855 9
847 1796 1330 1875 multiplicandae
1354 1798 1417 1856 in
1440 1804 1476 1856 3
1497 1797 1733 1857 radices
1755 1798 2011 1877 quadra-

264 1893 418 1954 ticas
463 1891 703 1951 numeri
733 1899 793 1951 4.
884 1891 1188 1952 Quadrati
1218 1900 1253 1952 4
1288 1901 1349 1952 et
1383 1900 1420 1952 9
1452 1892 1615 1951 inter
1667 1913 1731 1952 se
1776 1893 2014 1952 faciunt

269 1995 346 2048 36
371 2012 384 2047 :
429 1988 628 2047 factus
659 2007 735 2047 ex
765 1987 1034 2047 numeris
1067 1995 1103 2047 3
1136 1996 1198 2047 et
1229 1995 1265 2047 8
1298 1998 1390 2048 est
1420 1995 1499 2048 24
1524 2014 1538 2056 ς
1586 1988 1691 2067 qui
1721 1988 2013 2066 multipli-

269 2093 439 2143 catus
469 2082 532 2142 in
574 2082 842 2142 radicem
888 2081 1308 2161 quadraticam
1354 2090 1631 2156 36,:6,
1679 2083 1828 2142 facit
1876 2090 2008 2142 144.

266 2177 653 2238 Tantundem
696 2177 931 2237 faciunt
963 2184 1000 2237 8
1032 2177 1267 2237 radices
1310 2178 1684 2256 quadraticae
1714 2184 1773 2247 9,
1804 2177 1868 2236 id
1899 2187 2010 2251 est,

269 2281 345 2333 24
377 2273 439 2332 in
463 2280 498 2332 3
519 2272 753 2332 radices
786 2272 1174 2351 quadraticas
1197 2281 1257 2346 4,
1278 2273 1343 2332 id
1374 2282 1484 2347 est,
1509 2274 1571 2333 in
1604 2280 1665 2332 6.
1739 2274 2008 2332 Demon-

270 2376 495 2428 stratur
526 2375 731 2427 autem
764 2368 870 2427 sic.
959 2367 1159 2427 Radix
1191 2376 1228 2428 9
1249 2369 1309 2426 in
1335 2369 1606 2428 radicem
1632 2375 1691 2440 4,
1718 2376 1809 2427 est
1838 2366 2012 2427 radix

271 2463 399 2542 ejus
441 2461 544 2541 qui
581 2462 652 2521 fit
683 2481 759 2521 ex
788 2467 826 2520 9
857 2461 919 2521 in
953 2469 1011 2534 4,
1043 2481 1155 2541 per
1202 2463 1478 2541 regulam
1528 2462 1789 2542 primam
1832 2482 2013 2541 supra

269 2556 579 2616 traditam.
673 2556 879 2616 Quare
913 2563 949 2617 8
981 2557 1219 2617 radices
1260 2558 1635 2637 quadraticae
1666 2564 1724 2630 9,
1755 2558 1819 2615 in
1852 2564 1887 2616 3
1918 2576 2013 2615 ra-

273 2651 437 2712 dices
466 2650 852 2731 quadraticas
882 2659 942 2724 4,
975 2661 1070 2712 est
1099 2651 1164 2711 id
1195 2652 1362 2732 quod
1390 2653 1460 2712 fit
1491 2672 1566 2711 ex
1597 2659 1673 2711 24
1707 2651 2014 2710 radicibus

275 2745 641 2825 quadraticis
690 2746 818 2824 ejus
866 2746 1104 2806 numeri
1153 2747 1259 2826 qui
1304 2747 1374 2806 fit
1419 2767 1493 2806 ex
1526 2754 1562 2805 9
1594 2746 1658 2805 in
1688 2754 1763 2812 4;
1810 2746 1874 2804 id
1903 2755 2013 2817 est,

274 2840 439 2920 quod
466 2842 537 2900 fit
567 2861 642 2900 ex
670 2849 747 2901 24
781 2841 845 2901 in
876 2848 935 2915 6,
969 2841 1033 2901 id
1063 2851 1173 2915 est,
1204 2842 1446 2902 numeri
1484 2849 1618 2902 144.

358 2933 436 2994 B.
481 2935 554 2994 In
584 2937 852 2996 numeris
883 2936 1132 3016 quidem
1157 2936 1473 3016 quadratis
1499 2934 1890 3015 operabimur
1907 2953 2016 3012 per

276 3028 436 3088 hanc
463 3029 738 3108 regulam
767 3032 1225 3092 accuratissime
1253 3059 1267 3100 ;
1302 3032 1489 3092 etiam
1517 3031 1581 3090 in
1605 3030 1873 3090 numeris
1890 3048 2014 3088 non

281 3121 593 3201 quadratis
622 3124 824 3185 minor
854 3127 1046 3186 multo
1077 3127 1192 3186 erit
1226 3147 1416 3197 error,
1448 3147 1630 3205 quam
1680 3125 1731 3184 si
1777 3124 2013 3184 radices

281 3225 586 3275 extractas
636 3237 756 3277 non
815 3241 989 3280 veras
1036 3230 1177 3300 post
1224 3221 1767 3301 multiplicaremus
1797 3242 1810 3277 z
1872 3237 2013 3275 nam

65 3308 67 3310 ’
168 3364 171 3367 .
282 3309 823 3388 multiplicaremus
867 3336 990 3376 una
1041 3337 1330 3376 errorem.
1449 3316 1570 3376 Sed
1601 3315 1891 3375 eademne
1922 3319 2014 3369 est

282 3403 608 3464 methodus
637 3408 1083 3488 multiplicandi
1129 3411 1367 3470 radices
1419 3410 1686 3483 cubicas,
1719 3426 1854 3486 quae
1899 3404 2016 3462 fuit

283 3497 730 3577 multiplicandi
757 3503 991 3564 radices
1023 3504 1411 3584 quadraticas
1437 3503 1457 3562 Ρ

365 3590 443 3652 Α.
488 3592 735 3654 Eadem.
824 3596 985 3658 Nam
1013 3599 1160 3659 illici
1191 3608 1504 3659 ostensum
1534 3605 1627 3656 est
1648 3592 2015 3674 productum
