2462 4120
489 394 602 446 188
842 406 1288 450 EXAMINATIO
1324 409 1408 450 ET
1442 404 1851 451 ΕΜΕΝΒΑΤῙΟ

160 567 413 599 mALoGus
534 553 538 556 ’
567 542 648 601 Α.
694 543 1000 604 Extantne
1057 556 1505 624 geometrarum
1557 547 1769 616 literae,
1829 546 2045 624 quibus
2101 565 2205 623 ge-

267 635 313 665 v.
481 637 737 695 ometria
794 639 924 698 haec
948 640 1205 700 Wallisii
1236 642 1706 719 comprobatur?

563 731 645 789 B.
690 731 918 792 Extant
977 734 1241 811 quidem,
1291 735 1471 793 editae
1528 736 1603 792 ab
1650 733 1959 801 Wallisio;
2015 733 2208 792 altera

482 825 771 901 Hugenii,
804 827 995 886 altera
1017 829 1221 886 nescio
1254 830 1445 906 CUJUS,
1477 828 1583 886 sed
1608 827 1820 886 dicunt
1849 827 2035 905 aliqui
2074 846 2227 885 esse¹

481 919 852 992 Schootenii,
877 921 978 979 vix
1004 922 1239 980 Latina.
1292 923 1594 980 Praeterea
1623 922 2040 993 RobervaIIUS,
2065 941 2204 999 pro-

476 1011 670 1072 fessor
709 1014 951 1074 Parisiis
994 1016 1439 1087 celeberrimuS,
1471 1015 1751 1093 idemque
1792 1016 1939 1074 alias
1985 1017 2049 1074 in
2100 1015 2205 1075 de-

477 1109 1022 1168 monstrationibus
1094 1110 1355 1187 propriis
1414 1109 1559 1168 satis
1627 1120 1860 1182 cautUS,
1914 1110 2205 1170 chartulae

478 1201 794 1279 cujusdam
836 1204 1266 1280 manuscriptae
1293 1202 1664 1280 exemplaria
1694 1203 1927 1280 aliquot
1973 1204 2036 1262 in
2083 1205 2208 1262 An-

474 1294 661 1372 gliam
689 1297 1045 1369 transmisit,
1067 1298 1130 1355 in
1151 1317 1270 1374 qua
1290 1296 1632 1355 doctrinam
1654 1296 1728 1354 de
1753 1297 2206 1374 comparatione

473 1390 901 1466 parabolarum
954 1401 1014 1448 et
1065 1390 1428 1448 conoideum
1480 1410 1554 1448 ex
1604 1390 1721 1449 illis
1770 1390 2069 1449 factarum
2126 1390 2204 1449 ad

473 1484 1039 1562 parallelogramma
1097 1499 1160 1541 et
1212 1483 1519 1562 cylindros
1583 1483 2092 1562 circumscriptos,
2139 1484 2205 1542 in

474 1577 590 1636 hoc
604 1588 871 1637 tractatu
890 1577 989 1636 De
1010 1577 1416 1636 Arithmetiea
1435 1577 1821 1654 Infinitorum
1844 1578 2204 1657 expositam,

472 1684 658 1750 negat
687 1673 763 1731 ab
795 1672 1068 1731 Wallisio
1116 1672 1333 1749 primo,
1367 1672 1472 1731 sed
1520 1693 1556 1732 a
1602 1692 1664 1731 se
1712 1672 2023 1731 inventam
2073 1692 2204 1732 esse

475 1766 704 1824 asserit.
797 1766 981 1826 Quod
1009 1786 1132 1824 non
1161 1766 1404 1825 fecisset
1457 1766 1573 1825 nisi
1620 1766 1961 1826 doctrinam
2011 1767 2204 1845 ipsam

474 1880 679 1918 veram
711 1879 839 1919 esse
872 1861 1222 1919 censuisset.

559 1955 639 2012 A.
688 1953 1039 2012 Mirandum
1070 1974 1194 2014 non
1226 1963 1321 2013 est
1352 1954 1402 2012 si
1431 1953 1536 2025 illi,
1577 1955 1679 2032 qui
1711 1954 2037 2014 maximam
2057 1974 2202 2032 ope-

475 2069 606 2107 ram
637 2049 699 2106 in
726 2068 796 2106 eo
821 2056 1155 2127 posuerunt
1184 2057 1250 2107 ut
1283 2048 1583 2107 rationem
1626 2067 1802 2108 arcus
1833 2048 1912 2107 ad
1961 2047 2217 2108 radium·

474 2142 553 2200 ad
583 2163 868 2201 numeros
900 2142 1284 2214 reducerent,
1318 2143 1674 2202 methodum
1720 2143 1877 2201 hanc
1916 2143 2202 2220 symboli-

475 2258 609 2296 cam
641 2238 882 2296 incaute
906 2237 1167 2314 amplexi
1190 2237 1329 2295 sint.
1419 2236 1538 2295 Sed
1569 2247 1640 2295 ut
1662 2235 2078 2308 Robervallus,
2099 2235 2204 2314 qui

476 2341 927 2409 geometrarum
958 2332 1189 2410 primus
1221 2350 1348 2389 esse
1379 2332 1508 2390 vult
1538 2340 1598 2390 et
1644 2330 1771 2389 fere
1821 2339 1932 2403 est,
1963 2331 2214 2408 paralo->

467 2426 849 2504 gismos'tam
891 2445 1122 2485 crassos
1153 2424 1358 2485 videre
1410 2446 1534 2484 non
1583 2425 1872 2503 potuerit,
1924 2425 2202 2503 profecto

468 2520 811 2579 mirandum
839 2529 949 2579 est.

550 2615 631 2674 B.
679 2615 886 2674 Habet
917 2615 1032 2674 hoc
1062 2614 1367 2693 peculiare
1397 2612 1832 2671 Robervallus:
1863 2632 2002 2671 cum
2033 2632 2202 2691 egre-

466 2709 634 2788 gium
683 2709 816 2787 quis
864 2730 900 2768 a
941 2730 1004 2768 se
1052 2710 1372 2768 inventum
1420 2707 1736 2767 theorema
1776 2706 1839 2764 in
1885 2707 2200 2785 publicum

467 2804 756 2876 emiserit,
786 2813 854 2863 ut
886 2805 1094 2863 statim
1125 2802 1461 2862 distributis
1493 2801 1786 2860 chartulis
1828 2800 1990 2860 dicat
2037 2801 2200 2860 idem

467 2918 503 2955 a
555 2918 617 2956 se
659 2899 976 2957 inventum
1029 2918 1156 2956 esse
1213 2896 1400 2975 priuS.
1489 2896 1701 2973 Itaque
1751 2895 2067 2954 theorema
2125 2894 2215 2954 de*

468 2992 660 3050 solido
679 2992 1093 3070 hyperbolico,
1115 2991 1431 3049 inventum
1456 3009 1492 3047 a
1512 2989 1856 3060 Toricellio,
1878 2999 2199 3067 postquam

469 3094 627 3143 esset
652 3086 882 3144 editum
916 3085 994 3144 ad
1019 3105 1082 3144 se
1106 3083 1350 3162 rapuit3
1397 3092 1457 3141 et
1502 3103 1667 3141 nunc
1718 3083 2076 3142 methodum
2123 3083 2199 3142 de

467 3180 924 3257 comparatione
949 3177 1466 3257 paraboloideum,
1499 3177 1726 3235 editam
1758 3197 1794 3235 a
1837 3177 2112 3237 Wallisio
2137 3187 2199 3236 et

467 3273 595 3332 solo
626 3273 899 3331 VVallisio
932 3272 1198 3350 dignam,
1233 3291 1402 3329 suam
1431 3271 1643 3329 haberi
1689 3271 1972 3332 incautus
2023 3272 2196 3349 petit.

467 3367 637 3428 Idem
671 3366 1005 3436 Hobbium,
1039 3367 1142 3444 qui
1173 3366 1584 3443 aequalitatem
1614 3366 1777 3424 inter
1808 3365 2089 3443 spiralem
2137 3375 2198 3425 et

466 3461 875 3538 parabolicam
906 3460 1139 3538 primus
1170 3459 1341 3530 vidit,
1375 3459 1516 3536 quia
1545 3459 1675 3536 ipse
1723 3459 1979 3519 eandem
2031 3459 2196 3538 prius

467 3555 990 3615 demonstraverat
1021 3553 1285 3632 appellat
1314 3553 1699 3633 plagiarium.
