2462 4120
610 369 1133 412 MATHEMATICAE
1169 371 1572 415 HomERNAE.
1883 363 1960 416 95

224 521 286 573 et
313 510 821 571 mathematicus?
911 509 1035 570 Qui
1064 509 1197 567 fieri
1220 510 1442 588 potuit,
1465 520 1535 570 ut
1563 515 1962 590 geometriam

222 608 298 667 ab
327 603 710 665 arithmetica
741 603 1087 682 dependere
1118 602 1370 675 diceret,
1391 605 1497 681 qui
1528 607 1710 666 sciret
1728 608 1964 669 radices

221 718 615 760 numerorum
673 697 1110 777 quadratorum
1164 697 1283 756 rite
1328 707 1634 759 extractas
1685 722 1812 761 esse
1860 704 1964 764 de-

221 793 551 856 monstrari
603 813 730 852 non
787 811 986 871 posse,
1026 791 1147 850 nisi
1197 811 1308 869 per
1360 800 1642 869 quartam
1687 799 1963 875 proposi-

221 889 454 950 tionem
483 887 788 947 Elementi
825 886 1079 947 secundi
1125 885 1397 946 Euclidis
1445 906 1597 965 pure
1644 892 1965 966 geometri-

223 985 400 1044 cam?
485 982 766 1061 Denique
815 982 920 1061 qui
958 981 1163 1061 potuit
1191 992 1472 1040 veterum
1514 991 1966 1059 geometrarum

223 1078 498 1139 omnium
528 1077 832 1157 capitibus
862 1077 949 1136 ita
970 1076 1286 1148 insultare,
1317 1084 1389 1133 ut
1413 1074 1645 1134 diceret
1676 1095 1778 1135 eos
1803 1078 1966 1157 alge-

221 1173 397 1233 bram
451 1172 786 1252 ignorasse,
832 1172 1016 1250 idque
1070 1171 1212 1251 quia
1263 1170 1619 1230 nesciebant
1666 1181 1966 1252 punctum

222 1268 552 1348 geometris
597 1267 762 1327 idem
809 1287 942 1327 esse
995 1266 1164 1347 quod
1214 1265 1377 1325 nihil
1416 1265 1838 1339 arithmeticiS,
1864 1270 1967 1346 qui

224 1364 410 1424 sciret
452 1363 504 1423 si
542 1370 835 1444 punctum
879 1362 1034 1421 nihil
1081 1362 1180 1434 sit,
1227 1379 1426 1438 neque
1477 1358 1717 1434 lineam,
1770 1381 1968 1439 neque

224 1458 637 1539 superficiem,
670 1477 868 1536 neque
898 1456 1164 1516 solidam
1194 1455 1525 1534 quicquam
1548 1456 1718 1515 esse?
1806 1457 1969 1517 Prae-

225 1563 414 1626 terea,
466 1552 789 1612 considera
845 1552 1125 1630 proxima
1175 1551 1305 1629 ejus
1357 1551 1547 1609 verba
1590 1551 1764 1610 haec:
1826 1551 1969 1612 Non

226 1647 374 1728 quia
399 1647 566 1707 linea
598 1646 910 1727 bipedalis
934 1645 1211 1727 bipedali
1240 1645 1466 1726 addita
1484 1644 1669 1724 facit
1698 1646 1971 1726 quadru-

213 1741 527 1822 pedalem,
576 1741 715 1801 ideo
762 1741 881 1800 duo
930 1748 992 1800 et
1047 1741 1166 1800 duo
1196 1739 1459 1820 faciunt
1516 1748 1804 1820 quatuor,
1856 1743 1975 1802 sed

212 1837 429 1918 potius
459 1836 599 1916 quia
644 1836 779 1910 hoe,
809 1856 964 1916 ergo
1003 1835 1179 1896 illud.
1271 1836 1782 1914 Subintelligitur,
1814 1858 1969 1918 ergo

219 1931 567 2013 geometria
620 1931 699 1991 ab
750 1931 1145 1992 arithmetica
1197 1931 1526 2011 dependet,
1556 1952 1674 1992 non
1713 1931 1842 1991 Izoee
1892 1932 1970 1991 ab

225 2025 357 2086 illa.
446 2026 614 2086 Belle
659 2026 1008 2087 admodum.
1096 2026 1212 2087 Dic
1259 2025 1411 2086 mihi
1460 2027 1800 2105 propositio
1847 2028 1969 2102 illa,

227 2120 347 2181 duo
378 2128 440 2180 et
468 2120 587 2180 duo
610 2121 873 2201 faciunt
902 2129 1188 2202 quatuor,
1220 2131 1391 2181 estne
1424 2121 1697 2182 definitio
1724 2121 1744 2180 ?

313 2215 392 2276 Β.
439 2215 601 2275 Non.

311 2310 392 2370 A.
437 2310 522 2370 At
551 2310 794 2370 axioma
826 2310 845 2369 ἒ

313 2404 394 2464 Β.
441 2405 555 2464 Ita.

312 2499 393 2560 A.
438 2500 551 2560 Est
596 2520 744 2580 ergo
790 2500 1020 2560 lumine
1067 2499 1333 2560 naturali
1380 2501 1699 2580 cognitum
1720 2527 1734 2570 ;
1780 2521 1905 2561 non
1935 2523 1972 2562 a

228 2595 520 2674 magistro
550 2595 951 2656 arithmeticae
981 2605 1312 2674 repertum,
1344 2595 1451 2655 sed
1491 2617 1631 2656 cum
1672 2597 1806 2675 ipsa
1835 2618 1971 2657 ver-

227 2689 447 2750 borum
476 2690 896 2751 intellectione
926 2711 963 2750 a
989 2691 1194 2770 pueris
1223 2700 1558 2770 receptum.
1649 2692 1792 2752 Non
1822 2713 1969 2772 ergo

228 2784 416 2845 habet
460 2786 537 2845 ab
568 2786 955 2846 arithmetico
984 2794 1319 2864 geometra,
1354 2786 1579 2847 lineam
1626 2786 1970 2868 bipedalem

233 2877 413 2938 lineoe
475 2879 754 2961 bipedali
812 2880 1092 2941 additam
1125 2881 1367 2961 faeere
1426 2880 1648 2942 lineam
1694 2883 1969 2963 quadru-

219 2972 532 3054 pedalem.

321 3067 400 3127 B.
448 3068 592 3129 Non
640 3070 720 3130 sit
779 3090 925 3150 ergo
977 3071 1236 3144 axioma,
1290 3071 1398 3131 sed
1455 3072 1533 3132 ab
1584 3073 1969 3133 arithmetico

236 3161 798 3224 demonstrandum.

172 3341 175 3342 V
322 3255 401 3315 Α.
450 3257 603 3319 Quis
622 3267 826 3319 autem
843 3259 995 3319 illud
1014 3260 1435 3320 arithmeticus
1458 3270 1565 3321 aut
1588 3261 1967 3321 demonstra-

236 3350 346 3423 vit,
379 3361 487 3411 aut
518 3351 934 3414 demonstrare
964 3375 1028 3415 se
1058 3355 1339 3415 debuisse
1363 3357 1665 3436 judicavit
1697 3356 1717 3416 ?
1811 3357 1968 3415 Satis

238 3445 398 3503 enim
431 3465 468 3504 a
494 3447 851 3521 nutricibuS,
885 3449 1030 3508 dum
1060 3450 1313 3509 nomina
1335 3471 1729 3510 numerorum
1746 3470 1967 3529 pueros

239 3538 482 3612 docent,
528 3540 998 3603 demonstratur.
1088 3544 1273 3617 Quid,
1320 3546 1485 3623 quod
1527 3546 1780 3604 infinitae
1826 3554 1969 3603 sunt
2016 3600 2018 3602 .

242 3634 616 3712 quantitates
646 3637 972 3713 continuae,
999 3658 1258 3717 quarum
1286 3639 1466 3700 unius
1497 3640 1572 3700 ad
1604 3639 1784 3699 aliam
1814 3638 1971 3697 ratio

2026 537 2275 570 DIALOGUS

2120 606 2193 637 111.

2031 662 2271 692 =.--*--ae
