2462 4120
616 398 726 451 114
967 409 1412 451 EXAMINATIO
1448 410 1530 450 ET
1564 410 1974 452 EMENDATIo

293 565 543 598 mALocns
608 543 862 603 eandem
893 564 1276 604 communem
1300 564 1648 604 mensuram
1675 547 2110 626 multiplicetur
2135 574 2150 617 3
2194 568 2329 626 pro-

298 687 305 698 .
387 632 458 663 ¹¹¹·
528 689 535 700 ,
607 637 775 697 ducti
804 639 978 698 radix
1008 648 1099 699 est
1126 640 1400 699 radicum
1444 659 1835 699 numerorum
1879 642 2331 720 propositorum

607 751 859 793 summa.
947 735 1308 812 Exemplum
1359 734 1728 811 operationis
1771 736 1947 795 affert
1991 736 2127 796 hoc.
2237 736 2333 795 Sit

604 826 780 886 radix
804 827 1162 906 quadratica
1190 830 1303 894 147
1323 826 1605 886 addenda
1621 828 1813 887 radici
1837 829 2210 907 quadraticae
2235 835 2327 891 12.

602 917 828 979 Divisis
859 921 1154 979 ambobus
1177 921 1444 979 numeris
1463 940 1574 998 per
1602 922 1925 981 maximam
1946 941 2329 982 communem

603 1032 949 1074 mensuram
1001 1021 1057 1086 3,
1106 1015 1263 1073 fiunt
1308 1013 1657 1092 quotientes
1698 1021 1777 1074 49
1825 1026 1886 1075 et
1935 1024 1971 1074 4
1999 1041 2015 1084 ς
2069 1036 2329 1095 quorum

600 1106 837 1167 radices
868 1117 1012 1167 sunt
1043 1112 1078 1174 7
1122 1115 1181 1166 et
1206 1115 1263 1166 2.
1354 1106 1704 1167 Quadratus
1752 1128 1788 1167 a
1843 1109 1907 1186 (7
1920 1120 1968 1170 ÷
1985 1110 2050 1186 2)
2094 1118 2187 1170 est
2227 1116 2327 1182 81,

602 1201 705 1277 qui
746 1201 965 1260 ductus
1014 1201 1077 1259 in
1128 1200 1385 1259 eandem
1438 1220 1822 1259 communem
1875 1222 2221 1262 mensuram
2270 1211 2327 1276 3,

598 1294 747 1358 facit
770 1303 915 1367 243,
949 1295 1120 1372 cujus
1149 1294 1322 1353 radix
1350 1294 1707 1372 quadratica
1736 1296 1983 1373 aequalis
2026 1305 2120 1356 est
2167 1296 2328 1356 radi-

599 1389 770 1448 cibus
830 1388 1199 1468 quadraticis
1251 1389 1569 1467 utriusque
1625 1390 1866 1448 numeri
1931 1393 2044 1457 147
2105 1398 2168 1449 et
2234 1398 2326 1450 12.

600 1483 1077 1543 Substractionis
1103 1492 1310 1542 autem
1341 1483 1685 1561 exemplum
1705 1483 1825 1543 hoc
1854 1492 1966 1544 est.
2055 1483 2330 1545 Quadre-

595 1586 717 1646 tur,
741 1598 864 1636 non
887 1586 957 1636 ut
976 1586 1137 1649 ante,
1159 1596 1413 1650 summa,
1428 1577 1535 1636 sed
1554 1577 1897 1638 differentia
1913 1577 2189 1637 radicum
2212 1580 2248 1646 7
2268 1588 2329 1638 et

598 1679 656 1744 2,
682 1692 818 1750 quae
849 1681 940 1730 est
964 1678 997 1729 5
1028 1697 1042 1739 ;
1075 1671 1247 1748 cujus
1279 1671 1612 1749 quadratus
1645 1680 1736 1731 est
1756 1679 1833 1731 25
1862 1699 1877 1742 ;
1910 1673 2014 1751 qui
2035 1673 2327 1752 multipli-

597 1775 768 1825 catus
790 1785 899 1844 per
921 1764 1177 1823 eandem
1208 1765 1536 1825 maximam
1566 1786 1952 1825 communem
1981 1786 2328 1831 mensuram

598 1867 654 1933 3,
685 1860 833 1920 facit
865 1863 900 1927 7
907 1868 984 1928 5;
1031 1862 1204 1938 cujus
1250 1860 1426 1919 radix
1477 1868 1571 1919 est
1622 1860 1871 1938 aequalis
1916 1880 2171 1920 numero
2223 1861 2328 1939 qui

595 1955 958 2034 relinquitur
989 1954 1257 2014 deducta
1291 1954 1503 2014 radice
1527 1954 1884 2032 quadratica
1920 1962 1991 2014 12
2023 1974 2099 2014 ex
2126 1954 2330 2014 radice

595 2049 950 2128 quadratica
979 2051 1115 2117 147.

677 2144 758 2202 B.
807 2144 972 2202 Num
996 2141 1380 2201 demonstrat
1410 2142 1527 2201 hoc
1559 2140 1992 2220 Oughtredus?

675 2236 752 2296 A.
798 2235 1074 2296 Minime.
1184 2236 1570 2314 Propositum
1623 2237 1786 2296 enim
1842 2236 1930 2294 illi
1981 2243 2132 2314 puto
2192 2245 2327 2294 erat

594 2332 905 2411 algebram
935 2350 1057 2389 non
1089 2330 1369 2390 omnibus
1403 2330 1686 2403 scribere,
1719 2330 1826 2389 sed
1854 2329 2202 2409 geometris,
2222 2328 2328 2407 qui

595 2424 900 2504 quomodo
932 2423 1476 2484 demonstrandum
1507 2434 1665 2484 esset
1696 2444 1771 2484 ex
1799 2425 1932 2503 ipsa
1972 2423 2324 2503 operatione

594 2519 933 2597 intelligere
963 2527 1235 2597 possunt.

676 2615 759 2675 B.
804 2614 1173 2673 Demonstra
1201 2615 1319 2674 hoc
1346 2623 1433 2673 tu.

675 2709 755 2768 A.
806 2708 989 2769 Quod
1020 2708 1228 2768 datum
1280 2717 1372 2768 est
1419 2727 1610 2779 sum0,
1654 2706 1890 2766 radices
1930 2725 2324 2765 numerorum

601 2806 716 2871 147
747 2811 807 2862 et
845 2811 914 2862 12
947 2822 1076 2862 esse
1108 2802 1700 2863 commensurabiles,
1748 2802 1903 2860 Sunt
1921 2820 2068 2878 ergo
2094 2799 2323 2860 eaedem

592 2899 828 2958 radices
878 2917 1271 2957 numerorum
1321 2897 1779 2976 quadratorum.
1867 2895 1954 2955 Ut
2003 2915 2150 2973 ergo
2208 2897 2322 2962 147

593 2992 674 3053 ad
719 2999 811 3065 12,
841 2993 930 3051 ita
979 3000 1071 3051 est
1111 2992 1442 3071 quadratus
1488 3011 1779 3054 numerus
1829 2989 1908 3050 ad
1960 2989 2323 3068 quadratum

592 3104 957 3146 numerum·
1049 3086 1414 3146 Dividantur
1475 3086 1653 3146 ambo
1708 3104 1818 3163 per
1889 3104 2100 3143 eorum
2157 3103 2323 3142 com-

593 3201 839 3243 munem
897 3200 1244 3239 mensuram
1294 3182 1624 3240 maximam
1676 3187 1733 3252 3,
1782 3187 2081 3256 eruntque
2125 3178 2324 3255 quoti-

594 3284 765 3336 entes
796 3281 874 3333 49
907 3283 967 3333 et
990 3282 1048 3332 4.
1093 3275 1202 3333 Est
1221 3295 1387 3354 ergo,
1420 3285 1490 3335 ut
1526 3279 1640 3342 147
1662 3274 1739 3333 ad
1771 3281 1862 3344 12,
1882 3272 1971 3331 ita
1993 3271 2322 3350 quadratus

591 3389 880 3430 numerus
901 3375 981 3427 49
1014 3368 1093 3427 ad
1111 3369 1480 3446 quadratum
1498 3388 1823 3428 numerum
1853 3374 1888 3425 4
1914 3392 1929 3435 3
1962 3374 2023 3425 et
2051 3374 2120 3424 ut
2148 3364 2323 3424 radix

593 3463 950 3544 quadratica
987 3467 1100 3530 147
1132 3462 1210 3521 ad
1241 3463 1509 3522 radicem
1549 3461 1967 3541 quadraticam
2025 3467 2118 3532 12,
2149 3458 2237 3517 ita
2282 3463 2319 3525 7

592 3558 671 3618 ad
701 3567 761 3618 2.
850 3555 1088 3615 Additis
1118 3555 1296 3614 simul
1329 3560 1363 3614 7
1396 3565 1457 3614 et
1482 3564 1539 3627 2,
1571 3557 1641 3614 fit
1672 3561 1709 3613 9
1739 3580 1754 3623 3
1787 3555 1958 3631 cujus
1989 3551 2321 3631 quadratus

591 3663 687 3713 est
717 3658 789 3712 81
819 3675 831 3710 ε
879 3650 984 3730 qui
1011 3669 1299 3710 numerus
1330 3650 1766 3732 multiplicatus
1796 3668 1906 3727 per
1937 3665 2320 3708 communem
