2462 4120
732 393 1203 438 PROBLEMATA
1237 393 1565 436 PHYsmA.
1903 384 2022 438 309

271 547 526 618 propter
555 535 738 607 diem,
774 532 997 593 deinde
1042 541 1281 591 motum
1324 533 1390 590 in
1437 533 1720 610 ecliptica
1767 543 2024 612 propter

272 653 519 705 annum,
549 640 621 689 ut
651 627 889 688 dandus
929 628 1009 686 sit
1047 626 1136 685 illi
1185 626 1372 685 etiam
1418 645 1613 684 novus
1663 627 1764 685 hic
1818 636 2024 686 motus

274 746 473 805 neque
505 733 731 794 rectUS,
764 741 963 801 neque
994 720 1240 798 proprie
1272 718 1581 798 loquendo
1615 720 1927 779 circularis
1955 720 1975 778 ἓ

358 819 437 877 B.
486 819 628 877 Non
671 817 790 875 hoc
828 815 1024 874 videri
1064 814 1178 872 tibi
1224 833 1452 871 novum
1506 814 1707 885 debet,
1759 814 1864 892 qui
1911 815 2027 874 scis

273 912 439 991 quod
498 931 719 989 corpus
767 929 947 969 omne
998 917 1094 967 tot
1144 915 1347 966 motus
1395 906 1576 964 simul
1623 906 1827 978 habet,
1879 916 2029 984 quot

275 1014 418 1066 sunt
471 1015 647 1065 extra
698 1005 902 1083 ipsum
949 1021 1212 1080 corpora
1261 1001 1550 1079 agentia:
1604 1010 2028 1073 veruntamen,

272 1100 337 1159 in
366 1120 559 1159 unum
590 1109 829 1158 motum
861 1096 1254 1174 compositos,
1353 1095 1516 1153 Nam
1552 1094 1670 1152 etsi
1700 1094 2030 1153 multarum

272 1194 543 1273 partium
602 1191 876 1270 corporis
935 1190 1115 1249 unius
1168 1188 1346 1247 multi
1394 1188 1518 1247 sint
1565 1197 1790 1258 motuS‚
1840 1188 2031 1246 totius

274 1297 483 1348 tamen
505 1306 665 1345 unus
690 1298 781 1344 est
805 1293 1023 1344 motus,
1080 1283 1305 1342 Nonne
1331 1283 1436 1361 qui
1462 1283 1733 1359 navigat,
1754 1289 2035 1339 movetur

277 1383 460 1442 simul
491 1402 632 1441 cum
660 1400 851 1439 nave:
899 1388 960 1438 et
1005 1379 1263 1450 interea,
1317 1395 1811 1455 quaquaversum
1853 1394 2036 1452 super

276 1477 555 1536 tabulata
585 1475 878 1545 ambulat,
912 1472 1195 1531 manibus
1226 1472 1395 1531 varie
1434 1470 1701 1549 jactatiS‚
1740 1469 2037 1546 sanguine

277 1589 388 1648 per
444 1588 650 1640 venaS,
712 1567 1027 1644 spiritibus
1084 1585 1194 1644 per
1246 1585 1469 1624 nervos
1529 1563 2036 1634 discurrentibUS‚

277 1663 670 1743 pulmonibus
743 1661 890 1720 dum
962 1661 1174 1739 spirat,
1247 1660 1459 1738 lingua
1523 1670 1586 1717 et
1639 1659 1827 1717 labris
1890 1657 2038 1715 dum

279 1757 568 1836 loquitur,
599 1756 933 1835 inquietis?
1024 1755 1352 1833 Multiplex
1386 1774 1532 1832 ergo
1565 1753 1803 1813 telluris
1835 1761 2038 1811 motus

280 1871 378 1910 res
410 1852 523 1910 tibi
555 1870 714 1909 nova
743 1868 874 1908 esse
904 1869 1029 1907 non
1062 1857 1286 1926 potest.
1338 1847 1548 1908 Quod
1578 1856 1786 1907 autem
1815 1847 2041 1906 attinet

280 1945 359 2004 ad
389 1946 587 2023 ipsum
628 1944 794 2002 hunc
825 1952 1062 2001 motum
1095 1961 1278 2020 quem
1320 1962 1462 2000 cum
1506 1950 1680 2000 motu
1723 1940 1914 2019 pelvis
1942 1940 2042 1998 vel

280 2039 468 2098 cribri
508 2057 818 2116 comparO,
867 2056 1243 2115 quamquam
1292 2036 1712 2095 familiaritate
1761 2034 2038 2113 despica-

279 2132 417 2191 bilis
461 2132 559 2204 sit,
611 2151 737 2190 non
787 2139 996 2190 tamen
1046 2131 1123 2188 ob
1177 2150 1313 2189 eam
1365 2150 1496 2188 rem
1547 2129 1901 2207 negandum
1946 2137 2040 2188 est

281 2225 430 2305 quin
471 2226 578 2285 tali
625 2235 798 2284 motu
847 2233 1071 2283 natura
1116 2224 1208 2282 uti
1261 2224 1474 2302 possit.
1588 2224 1683 2282 Illi
1730 2244 1877 2282 vero
1933 2223 2040 2301 qui

282 2320 765 2399 suppositionem
793 2320 954 2378 hanc
995 2327 1438 2396 aspernantur:
1488 2339 1628 2377 cum
1660 2337 1946 2377 ascensus
1978 2326 2040 2377 et

283 2413 611 2472 descensus
642 2413 764 2472 sint
794 2422 1016 2484 motuS,
1051 2421 1113 2471 et
1151 2412 1305 2471 nihil
1335 2413 1530 2490 possit
1559 2413 1808 2471 initium
1837 2420 2039 2471 motus

285 2508 703 2586 cujuscunque
735 2506 880 2565 dare
911 2506 1029 2565 sibi
1058 2505 1194 2584 ipsi,
1216 2515 1279 2565 et
1301 2526 1412 2584 per
1443 2526 1825 2585 consequens
1857 2525 2042 2565 causa

286 2601 608 2679 gravitatis
639 2601 717 2659 sit
744 2599 1089 2659 necessario
1122 2608 1324 2658 motus
1348 2600 1605 2677 aliquis:
1637 2599 1744 2670 illi,
1768 2599 2039 2677 inquam,

287 2703 521 2752 motum
553 2693 742 2752 alium
773 2693 1086 2771 assignare
1118 2692 1366 2765 debent,
1400 2703 1461 2752 et
1501 2714 1747 2753 causam
1787 2693 2039 2752 descen-

290 2786 477 2844 sionis
507 2787 786 2863 gravium
815 2786 959 2844 inde
992 2786 1435 2846 demonstrare.
1525 2787 1598 2846 Id
1646 2787 1813 2865 quod
1860 2806 2040 2845 nemo

289 2878 587 2937 hactenus
615 2878 782 2937 fecit.
872 2879 1198 2949 Caeterum,
1234 2899 1375 2937 cum
1406 2880 1600 2938 multa
1640 2881 1760 2938 alia
1788 2880 2041 2958 phaeno-

291 2990 472 3029 mena
505 2982 727 3048 praeter
756 2972 1119 3050 gravitatem
1150 2992 1261 3050 per
1296 2974 1461 3032 hunc
1493 2984 1728 3032 motum
1776 2973 2042 3050 explica-

290 3064 506 3135 verim,
532 3065 938 3123 humilitatem
972 3066 1254 3144 exempli,
1280 3067 1486 3138 credO,
1508 3087 1634 3125 non
1666 3075 2039 3125 contemnes.

295 3156 608 3233 Siquidem
640 3168 848 3216 autem
878 3178 1021 3216 vera
1056 3160 1374 3237 gravitatis
1408 3181 1593 3219 causa
1628 3161 1886 3220 fortuito
1929 3160 2042 3219 tibi

294 3250 743 3323 ostenderetur,
771 3271 893 3309 non
926 3251 1141 3311 dubito
1168 3254 1315 3330 quin
1346 3274 1468 3313 non
1500 3255 1703 3313 minus
1728 3254 2042 3313 videretur

293 3343 406 3402 tibi
434 3343 823 3420 phantastica
853 3364 924 3402 ea
956 3365 1138 3422 quam
1167 3348 1269 3405 hic
1300 3348 1628 3424 assignavi.

381 3436 459 3494 A.
511 3436 632 3494 Sed
669 3436 749 3494 ad
793 3457 942 3514 quas
985 3439 1123 3497 coeli
1166 3451 1372 3517 partes
1425 3450 1701 3518 spectare
1750 3438 2040 3515 supponis

294 3539 498 3589 motus
530 3529 703 3588 istius
734 3531 825 3588 tui
854 3531 1026 3607 polos
1053 3533 1072 3590 ?

382 3622 462 3681 B.
513 3623 806 3701 Suppono
830 3643 934 3683 eos
959 3625 1205 3685 eosdem
1225 3646 1355 3686 esse
1380 3648 1518 3686 cum
1537 3627 1694 3704 polis
1720 3624 2038 3702 eclipticae.

2132 556 2245 589 CAP.
2272 556 2306 587 Ι.

2094 612 2334 640 *qa—d

2071 663 2129 699 De
2144 661 2333 710 gravitate.
