2462 4120
488 361 608 415 442
749 375 837 416 DE
871 375 1254 420 PRINCIPIIS
1288 379 1372 420 ET
1403 379 2003 423 RATIOCINATIONE

154 527 266 560 CAP-
292 529 439 563 xvm.
486 511 685 571 minor
734 513 986 575 dimidio
1037 519 1193 578 cubo
1239 520 1318 578 ad
1347 520 1479 593 AD,
1510 520 1575 579 id
1617 529 1727 592 est,
1757 521 1954 579 minor
1982 521 2212 599 majore

154 637 350 671 Demffioe
484 606 821 666 mediarum
850 609 1012 670 inter
1040 612 1153 671 AD
1185 623 1248 672 et
1277 614 1444 672 DV.”

154 692 434 733 numesiffl’ew·
568 700 711 760 Non
737 701 977 781 disputo
1008 705 1124 765 hoc
1153 706 1287 765 loco
1332 727 1411 765 an
1454 708 1651 784 major
1697 706 2033 765 mediarum
2065 706 2213 766 dua-

482 813 619 852 rum
647 815 859 856 revera
888 798 966 857 sit
995 800 1116 870 VS,
1147 800 1253 859 sed
1283 801 1590 876 specimen
1640 800 1896 861 exhibeo
1949 801 2213 880 algebrae

482 887 813 960 hodiernae,
843 912 953 970 per
991 914 1172 972 quam
1217 895 1329 953 DV
1369 904 1461 952 est
1490 894 1650 952 linea
1702 902 1723 952 l
1757 920 1772 962 ;
1825 904 1887 954 et
1930 915 2041 974 per
2071 915 2215 955 con-

483 1001 739 1061 sequens
768 985 880 1044 AD
905 997 999 1046 est
1029 997 1065 1047 2
1097 988 1275 1046 lineae
1300 1014 1314 1056 ;
1348 996 1409 1046 et
1436 1007 1546 1066 per
1575 1007 1968 1067 consequens,
1999 1009 2214 1048 secun-

482 1075 628 1135 dum
662 1078 1011 1157 hujusmodi
1054 1081 1432 1159 algebristaS,
1478 1081 1669 1140 cubus
1699 1081 1812 1141 AD
1843 1083 2090 1160 aequalis
2120 1091 2214 1142 est

483 1176 520 1228 8
550 1170 724 1230 lineis
751 1198 765 1240 ;
812 1182 874 1231 et
902 1179 981 1232 45
1014 1174 1312 1250 quadrata
1341 1195 1378 1233 a
1406 1174 1519 1232 DV
1543 1176 1743 1233 minus
1770 1183 1817 1235 A
1827 1182 1971 1235 1681
2011 1196 2213 1255 aequa-

480 1264 559 1324 lia
591 1276 849 1344 quatuor
877 1266 1072 1340 lineis,
1104 1287 1342 1346 nempe,
1374 1267 1745 1346 quadruplus
1774 1277 1959 1328 rectae
1988 1269 2119 1328 DV.

564 1359 808 1438 Reputa
848 1370 1051 1420 tecum
1102 1382 1181 1420 an
1230 1363 1362 1421 haec
1402 1382 1526 1421 non
1557 1362 1679 1421 sint
1708 1363 1901 1441 magis
1930 1363 2212 1438 absurda,

481 1472 664 1530 quam
692 1454 816 1513 ulla
845 1475 980 1533 quae
1010 1456 1270 1514 inveniri
1299 1465 1557 1534 possunt
1586 1457 1649 1515 in
1679 1456 1896 1516 ethicis
1925 1466 2032 1517 aut
2059 1458 2213 1537 poli-

479 1547 616 1606 ticis
646 1548 912 1608 Platonis
943 1560 1049 1609 aut
1073 1551 1440 1610 Aristotelis,

562 1641 797 1720 Regula
826 1652 1031 1702 autem
1060 1644 1324 1722 algebrae
1359 1645 1498 1703 talis
1529 1654 1653 1704 est:
1698 1645 2011 1705 theorema
2049 1646 2213 1724 quod

478 1737 790 1812 quaeritur,
824 1748 1204 1816 supponatur
1220 1759 1431 1798 verum
1462 1759 1628 1808 esse3
1677 1740 1770 1798 vel
1799 1740 1963 1819 quod
1990 1740 2212 1800 facien-

477 1830 621 1888 dum
670 1841 782 1903 est,
836 1843 1218 1911 supponatur
1267 1834 1518 1892 factum.
1605 1834 1696 1893 Ex
1746 1854 1816 1894 eo
1875 1835 2210 1913 supposito,

474 1926 802 2004 assumptis
833 1927 964 1986 aliis
995 1928 1279 2006 cognitiS,
1326 1929 1624 1987 inferatur
1682 1928 2012 2002 conclusiO,
2045 1940 2108 1989 et
2137 1949 2214 1991 ex

475 2019 569 2078 his
600 2020 734 2079 aliae
772 2021 1214 2095 conclusioneS,
1239 2022 1436 2082 donec
1465 2023 1746 2082 veniatur
1775 2023 1854 2082 ad
1890 2025 2210 2103 principia,

475 2123 582 2172 aut
629 2114 709 2172 ad
759 2135 904 2174 vera
954 2116 1198 2175 aliunde
1252 2117 1517 2195 cognita,
1572 2128 1723 2195 quot
1773 2118 2081 2177 sufficiunt
2131 2118 2211 2178 ad

476 2208 774 2285 suppositi
828 2208 1414 2269 demonstrationem
1441 2236 1455 2278 ;
1515 2210 1610 2271 vel
1671 2210 1866 2270 donec
1909 2211 2208 2284 veniatur,

475 2302 527 2359 si
572 2302 660 2361 ita
712 2304 1047 2382 contingat,
1102 2305 1181 2363 ad
1221 2305 1551 2363 absurdum
1598 2304 1861 2383 aliquod.
1950 2305 2110 2364 Nam
2161 2306 2213 2365 si

476 2395 717 2455 ducaris
765 2398 843 2456 ad
886 2418 1031 2456 vera
1077 2408 1224 2476 quot
1273 2398 1580 2457 sufficiunt
1625 2398 1703 2457 ad
1751 2397 2211 2459 demonstratio-

474 2510 635 2564 nem,
656 2511 730 2550 ex
759 2492 878 2550 illis
908 2493 1066 2551 veris
1096 2493 1401 2552 conversis
1432 2493 1813 2571 suppositum
1837 2493 2212 2554 demonstra-

474 2585 671 2644 bitur:
717 2586 809 2645 sin
839 2586 1070 2646 incidas
1101 2587 1166 2645 in
1195 2587 1545 2659 absurdum,
1577 2587 1795 2646 falsum
1825 2607 1955 2647 esse
1988 2588 2128 2648 sciS.

560 2680 696 2739 Hac
748 2700 892 2739 usus
946 2689 1039 2740 est
1077 2681 1368 2740 methodo
1411 2682 1643 2760 primus
1686 2682 2008 2761 (quantum
2053 2681 2207 2760 scio)

476 2773 881 2852 DiophantUS,
915 2775 1128 2853 paucis
1169 2775 1459 2835 adhibitis
1494 2777 1656 2834 notis
1693 2777 1944 2855 (praeter
1973 2776 2206 2853 literas)

478 2868 765 2946 symbolis
796 2868 1091 2941 radicum,
1126 2868 1583 2947 quadratorum,
1627 2871 1940 2929 cuborum.
2028 2870 2210 2929 Nunc

477 2972 682 3020 autem
731 2972 864 3021 tota
893 2963 1159 3041 algebra,
1191 2973 1370 3023 aucta
1414 2965 1703 3043 symbolis
1743 2965 1820 3023 ab
1851 2964 2211 3044 Oughtredo

478 3067 540 3114 et
591 3055 884 3127 CartesiO,
938 3066 999 3116 et
1050 3058 1126 3116 ab
1174 3058 1268 3117 his
1320 3058 1397 3117 ad
1447 3059 1848 3137 geometriam
1888 3059 2210 3137 applicata,

478 3170 697 3209 nomen
739 3151 1004 3209 obtinuit
1036 3152 1398 3231 geometrice
1441 3153 1835 3231 symbolicae:
1879 3153 2210 3232 infecitque

476 3245 656 3323 hujus
687 3245 799 3304 aevi
828 3256 1190 3324 geometras,
1221 3249 1576 3325 geometriae
1605 3267 1764 3307 verae
1793 3248 2000 3326 pestiS.

561 3339 704 3398 Dixi
743 3339 818 3399 de
861 3340 1194 3418 principiis.
1281 3341 1609 3400 Videamus
1651 3362 1835 3414 nune,
1866 3362 1944 3400 an
1973 3361 2097 3400 non
2128 3341 2209 3400 sit

478 3433 661 3492 etiam
692 3434 893 3512 aliqua
921 3434 1188 3493 Euclidis
1219 3435 1314 3494 vel
1346 3436 1537 3495 Clavii
1570 3436 2008 3496 demonstratio
2039 3435 2210 3513 cujus

477 3527 675 3587 forma
703 3529 782 3588 sit
812 3528 1148 3607 illegitima.
