2462 4120
561 363 1081 405 MATHEMATICAE
1118 365 1521 407 HODIERNAE.
1797 352 1908 417 177

168 523 464 583 grammO,
516 506 687 582 cujus
732 523 921 562 unum
970 503 1129 562 latus
1182 512 1396 580 tanget
1445 506 1795 582 parabolam
1844 509 1906 565 in

170 599 397 658 vertice
427 607 489 657 et
519 597 704 657 faciet
728 598 1021 675 angulum
1051 618 1190 656 cum
1221 597 1540 656 diametrO.
1595 601 1907 679 Angulum

170 693 340 751 illum
361 692 546 752 ducta
564 703 734 751 recta
757 712 968 751 secans
990 692 1216 750 lineam
1234 691 1648 769 parabolicam
1668 695 1907 768 alicubi,

170 785 402 846 dividat
431 786 730 859 bifariam,
753 796 818 845 et
850 786 1229 864 compleatur
1249 785 1907 865 parallelogrammum,

155 881 342 958 ¹cujus
371 900 528 940 unus
557 881 816 959 angulus
850 890 944 940 est
973 881 1036 939 in
1069 881 1318 951 vertice,
1350 881 1503 939 alter
1533 890 1623 939 est
1653 882 1715 939 in
1748 884 1908 943 linea

166 976 535 1054 parabolica.
630 977 765 1036 Erit
811 987 1018 1037 autem
1074 975 1712 1054 parallelogrammum
1757 979 1908 1038 illud

166 1070 263 1130 vel
293 1071 657 1149 quadratum
686 1073 783 1132 vel
811 1071 1120 1132 rhombus.
1196 1071 1398 1148 Hujus
1429 1070 1588 1130 latus
1620 1081 1712 1130 est
1735 1092 1909 1150 para-

166 1175 382 1224 meter.
470 1166 795 1240 Meditare,
820 1167 1091 1245 inquam,
1116 1166 1235 1225 hoc
1265 1174 1490 1237 tecum,
1511 1175 1573 1224 et
1597 1166 1808 1244 judica
1831 1187 1907 1225 an

166 1269 511 1338 parameter
557 1261 751 1340 magis
805 1262 883 1321 sit
934 1261 1295 1339 imaginaria
1351 1281 1531 1339 quam
1589 1260 1906 1334 diameter,

166 1355 263 1414 vel
293 1355 411 1415 alia
442 1357 669 1435 quaevis
700 1357 879 1416 linea.
969 1356 1084 1415 Est
1123 1366 1330 1416 autem
1359 1356 1585 1435 ubique
1617 1364 1686 1414 ut
1716 1357 1907 1415 inter--

166 1458 346 1528 cepta
364 1449 660 1509 diameter
686 1450 765 1509 ad
794 1450 978 1518 illam,
998 1450 1084 1509 ita
1113 1450 1216 1508 illa
1246 1449 1324 1508 ad
1355 1449 1686 1508 ordinatim
1719 1451 1911 1529 appli-

167 1553 386 1603 catam.
479 1544 550 1604 Id
582 1545 746 1623 quod
776 1545 1085 1604 Wallisius
1117 1543 1399 1603 enuntiat
1429 1565 1539 1623 per
1570 1546 1909 1625 quantuplo

165 1641 367 1716 major
396 1647 493 1698 est
521 1639 619 1698 vel
636 1640 852 1712 minor,
885 1648 1021 1712 ete„
1054 1639 1358 1719 tcmtupZO,
1387 1648 1540 1720 eta:
1573 1660 1708 1719 quae
1729 1660 1908 1699 voces

162 1732 563 1813 quantuplum
593 1742 654 1793 et
678 1732 1019 1814 tantuplum
1045 1755 1241 1813 neque
1260 1735 1494 1795 Latinae
1526 1745 1688 1805 sunt,
1709 1755 1908 1813 neque

161 1828 489 1906 quicquam
519 1828 885 1906 significant.

250 1921 330 1981 B.
377 1923 574 1982 Miror
603 1932 770 1982 certe
796 1923 1010 1982 alienae
1031 1924 1380 1984 Latinitatis
1405 1926 1907 2004 reprehensorem

162 2027 289 2076 tam
319 2037 542 2090 acrem,
569 2018 751 2078 toties
780 2019 1038 2078 barbare
1070 2020 1439 2079 scribentem
1469 2040 1591 2079 non
1625 2021 1901 2079 sensisse.

248 2112 329 2172 A.
375 2113 533 2172 Fieri
579 2123 782 2192 potest
819 2124 889 2173 ut
929 2114 1154 2194 linguae
1194 2116 1431 2174 Latinae
1475 2135 1651 2174 usum
1698 2116 1904 2194 aliqua

159 2227 237 2266 ex
296 2216 471 2286 parte
529 2208 988 2270 labefactaverit
1046 2211 1315 2270 studium
1367 2211 1623 2270 nimium
1677 2211 1902 2290 linguae

161 2301 459 2362 Arabicae.

248 2396 328 2457 B.
375 2396 514 2456 Non
544 2407 712 2477 puto.

246 2491 327 2550 A.
375 2492 657 2553 Proximo
686 2495 840 2568 loc0,
881 2496 1215 2574 quamlibet
1257 2496 1610 2575 parabolam
1650 2497 1901 2556 cuilibet

160 2605 318 2644 cono
355 2588 551 2666 aptari
594 2609 791 2667 posse,
830 2591 1006 2669 (puto
1055 2592 1237 2651 nam*
1290 2592 1599 2669 obscure),
1649 2591 1900 2651 demon-

161 2689 354 2749 strat3
417 2702 616 2761 neque
663 2685 825 2744 enim
866 2706 1026 2744 nova
1071 2707 1167 2745 res
1217 2696 1327 2758 est,
1377 2707 1576 2766 neque
1620 2687 1898 2746 difficilis.

162 2773 610 2853 Propositiones
654 2778 864 2838 decem
911 2781 1091 2858 hujus
1134 2782 1326 2859 partis
1372 2782 1586 2860 primae
1628 2783 1897 2861 reliquae,

160 2869 266 2928 ubi
297 2869 372 2928 de
414 2871 693 2950 ellipticis
735 2884 796 2932 et
841 2874 1249 2953 hyperbolicis
1279 2877 1805 2955 pyramidoidibus
1838 2888 1900 2935 et

161 2964 389 3036 cuneiS,
421 2974 483 3023 et
506 2965 580 3024 de
612 2966 909 3046 ellipsium
942 2980 1004 3027 et
1034 2969 1507 3048 hyperbolarum
1538 2972 1898 3049 parametris

160 3057 559 3136 imaginariis
590 3059 879 3138 loquitur,
913 3064 1126 3122 eodem
1159 3065 1443 3124 laborant
1473 3067 1644 3125 vitio,
1712 3067 1897 3125 Vides

159 3169 306 3228 ergo
339 3151 640 3211 sectiones
672 3155 933 3228 conicaS,
968 3167 1268 3235 quatenus
1299 3160 1359 3217 in
1403 3160 1534 3237 ipso
1572 3180 1726 3218 cono
1758 3181 1900 3218 con-

159 3245 477 3318 siderataS,
503 3266 684 3324 quam
714 3270 928 3327 parum
959 3252 1266 3332 intelligit.
1361 3254 1541 3314 Quod
1569 3255 1789 3313 attinet
1821 3254 1898 3312 ad

160 3340 712 3401 considerationem
737 3346 1065 3406 earundem
1091 3349 1431 3407 sectionum
1456 3360 1630 3407 extra
1653 3369 1894 3417 conum,

160 3454 232 3494 ea
262 3435 474 3495 scribit
505 3456 660 3514 quae,
693 3439 836 3516 quia
869 3461 993 3500 non
1034 3443 1312 3521 intelligi,
1362 3443 1724 3520 reprehendi
1774 3462 1895 3499 non

448 3633 476 3662 *
512 3632 644 3682 Edit.
676 3637 803 3683 1660
827 3645 876 3684 et
905 3639 1045 3696 1668,
1074 3655 1201 3685 nam.
1276 3637 1461 3696 Quaere,
1490 3639 1617 3684 non?

326 3730 482 3771 VOL.
511 3731 603 3772 IV.
1679 3734 1721 3773 N

1966 530 2052 560 DIA
2061 529 2216 560 LOCUS

2073 598 2119 628 V.

1976 654 2215 680 Μ
