2462 4120
565 336 644 391 88
923 351 1369 398 EXAMINATIO
1402 357 1487 399 ET
1518 357 1928 400 EMENDA‘rio

249 509 498 543 mALoGus
561 490 879 548 materiam
909 491 1212 571 colloquio
1256 503 1467 554 nostro
1514 496 1974 555 subministrare
2014 503 2289 574 possunt,

349 577 402 608 11.

251 633 258 644 .
483 635 488 644 ,
561 583 943 645 discutienda
973 586 1255 666 deligam,
1287 609 1363 647 ne
1404 609 1476 648 ea
1506 609 1639 667 quae
1678 590 2007 649 utilitatem
2039 589 2288 662 nullam,

559 678 901 738 molestiam
960 682 1209 742 nimiam
1281 684 1457 742 nobis
1528 684 1789 743 allatura
1851 696 2011 754 sunt,
2070 683 2288 763 saepius

557 781 918 851 repetamus,

1010 1237 1427 1297 DIALOGUS
1471 1236 1845 1297 TERTIUS.

640 1522 719 1582 B.
766 1522 1054 1601 Legistin'
1087 1522 1322 1601 reliqua
1350 1522 1753 1582 arithmeticae
1783 1523 2196 1584 Wallisianae?

637 1617 718 1675 Α.
765 1618 877 1676 Ita.

639 1711 718 1771 B.
766 1711 1030 1770 Plenane
1088 1710 1376 1769 videntur
1427 1710 1559 1780 tibi,
1627 1710 1785 1770 sicut
1841 1711 2288 1786 antecedentia,

552 1805 901 1865 erroribus?

635 1901 716 1960 A.
763 1901 1036 1959 Minime.
1113 1899 1269 1958 Sunt
1309 1898 1473 1958 enim
1514 1899 1805 1978 pleraque
1849 1920 1925 1959 ex
1973 1901 2047 1960 iis
2093 1902 2285 1962 arith—

549 1995 789 2055 meticae
819 1995 987 2053 libris
1018 1994 1360 2072 desumpta,
1388 1993 1494 2072 qui
1515 1994 1719 2072 pueris
1742 1994 2052 2054 ediscendi
2074 1996 2286 2075 scripti

549 2101 730 2158 sunt3
778 2098 1001 2149 caetera
1031 2098 1138 2148 aut
1173 2087 1521 2167 Ougthredi
1560 2097 1720 2162 sunt,
1745 2098 1852 2147 aut
1899 2090 2164 2149 maxima
2209 2111 2284 2151 ex

547 2193 723 2263 parte
753 2184 923 2244 falsa.

635 2278 716 2338 B.
765 2279 886 2338 Sed
917 2299 1051 2357 quae
1083 2279 1158 2338 ab
1196 2278 1329 2337 aliis
1368 2276 1603 2350 habuit,
1647 2277 1776 2356 ipse
1823 2278 1985 2338 solus
2033 2279 2283 2340 demon-

549 2373 784 2432 stravit.

633 2467 712 2526 A.
762 2467 977 2545 Neque
999 2467 1115 2526 hoo
1147 2466 1416 2546 quidem.
1481 2469 1710 2527 Verum
1738 2468 1871 2527 haec
1894 2467 2055 2526 inter
2075 2467 2283 2546 legen-

549 2561 694 2620 dum
719 2561 1238 2621 considerabimus
1263 2563 1627 2622 accuratius,
1687 2563 1760 2622 In
1785 2562 2000 2640 Capite
2024 2561 2281 2635 deeimO,

547 2655 1033 2715 numerationem
1063 2656 1127 2714 in
1158 2656 1319 2715 notis
1358 2657 1770 2716 numeralibus
1801 2656 2151 2734 vulgaribus
2182 2675 2284 2714 ex-

546 2749 752 2828 plicat,
803 2759 862 2809 et
903 2752 1195 2830 cujusque
1235 2760 1399 2811 notae
1443 2761 1574 2812 tum
1618 2751 1952 2830 proprium,
1990 2760 2121 2809 tum
2162 2751 2282 2810 loci

546 2845 833 2918 valorem,
865 2854 989 2905 tam
1025 2847 1088 2905 in
1119 2847 1518 2906 fractionibus
1558 2845 1951 2905 decimalibus
1992 2865 2175 2924 quam
2217 2846 2282 2905 in

546 2939 820 3018 integriS‚
863 2941 1148 3018 exponit3
1195 2941 1606 3020 ostenditque,
1638 2940 1795 3000 sicut
1824 2960 1860 2999 a
1902 2939 2039 2999 loco
2080 2939 2282 3000 unita-

547 3047 672 3099 tum
702 3038 780 3097 ad
817 3038 956 3098 loca'
990 3040 1403 3117 praecedentia
1440 3039 1792 3119 proceditur
1834 3058 1943 3117 per
1995 3038 2279 3118 decupla—

546 3134 796 3203 tionem,
828 3133 914 3192 ita
942 3153 979 3192 a
1007 3134 1141 3193 loco
1182 3134 1398 3194 eodem
1429 3133 1507 3193 ad
1544 3134 1680 3193 loca
1725 3132 2043 3210 sequentia
2071 3152 2279 3211 proce-

548 3229 713 3288 ditur
781 3247 891 3306 per
948 3227 1566 3307 subdecuplationem.
1696 3227 1973 3288 Quarum
2032 3226 2280 3306 quidem

545 3343 752 3383 rerum
805 3322 1242 3383 demonstratio
1289 3344 1414 3383 non
1458 3333 1567 3394 est,
1613 3322 1721 3381 sed
1763 3321 2118 3381 constitutio
2161 3321 2281 3381 fuit

545 3418 887 3478 arbitraria.
952 3417 1293 3495 Explicatio
1324 3426 1529 3477 autem
1554 3425 1615 3477 et
1642 3417 1841 3476 brevis
1874 3425 1937 3475 et
1957 3416 2281 3495 perspicua

545 3524 608 3573 et
637 3522 925 3573 accurata
953 3533 989 3571 a
1018 3513 1308 3591 magistro
1340 3511 1722 3592 expectanda
1752 3519 1901 3571 erat.
1972 3511 2052 3570 Et
2079 3509 2276 3588 primo

545 3608 708 3687 quod
737 3608 815 3668 ad
846 3606 1331 3668 numerationem
1369 3607 1653 3687 periodos
1699 3605 2005 3679 adhibeat,
2035 3603 2277 3684 period-
