2462 4120
632 355 751 407 364
1011 368 1099 411 DE
1133 369 1638 413 MAGNITUmNE
1674 371 1978 415 cincun.

318 524 459 557 PROP.
487 525 556 557 1v.
631 525 839 564 omnes
872 525 1009 565 cum
1041 523 1075 589 ἐ
1104 507 1337 567 faciunt
1369 513 1461 579 5}‚
1494 528 1628 586 quae
1668 519 1759 568 est
1798 511 1980 569 tertia
2008 529 2148 588 pars
2191 509 2359 570 max-

628 600 736 659 imi
802 607 893 660 16.
980 602 1177 662 Causa
1227 613 1433 661 autem
1490 603 1837 681 hujusmodi
1894 605 2359 683 proportionum

629 693 889 754 obscura
927 715 1050 754 non
1091 704 1203 755 est.
1290 696 1452 754 Nam
1487 698 1727 756 numeri
1764 699 2119 769 bisectione,
2152 719 2362 778 quam-

629 807 812 865 quam
840 789 1132 849 infinities
1161 790 1397 861 bisecti,
1429 810 1744 869 nunquam
1775 792 2129 853 devenietur
2159 792 2236 852 ad
2269 795 2358 854 ni-

626 882 840 955 hilum,
871 883 978 942 sed
1015 883 1271 942 restabit
1301 903 1540 961 semper
1568 885 1769 944 unitas
1797 911 1811 952 ;
1855 906 2053 966 neque
2084 888 2358 948 trisectio

626 986 919 1055 perpetua
948 996 1267 1036 numerum
1299 996 1663 1055 quemquam
1691 978 1943 1039 reducet
1970 980 2050 1040 ad
2078 982 2356 1055 nihilum,

627 1071 735 1131 sed
764 1073 1018 1132 restabit
1049 1091 1286 1150 semper
1313 1091 1455 1149 pars
1484 1071 1706 1150 aliqua.

1215 1268 1631 1309 PROPOSITIO
1665 1269 1760 1309 IV.

709 1366 1029 1426 Quadrata
1059 1386 1096 1424 a
1123 1366 1306 1424 rectis
1336 1365 1530 1435 lineiS,
1562 1386 1699 1444 quae
1729 1365 1989 1444 aequales
2021 1375 2166 1426 sunt
2187 1365 2356 1426 arcui

621 1458 708 1518 ab
749 1460 1107 1538 caeterisque
1155 1459 1667 1537 consequentibus
1706 1479 1898 1538 usque
1937 1459 2014 1518 ad
2058 1470 2354 1538 punctum

622 1555 712 1628 M,
736 1555 914 1614 simul
940 1563 1201 1633 sumpta,
1227 1554 1481 1632 aequalia
1510 1562 1652 1612 sunt
1683 1553 1979 1632 quadrato
2010 1573 2083 1612 ex
2103 1553 2202 1612 ΡΟ
2225 1554 2352 1613 sive

706 1743 1090 1804 Quadratum
1121 1742 1280 1802 enim
1306 1762 1380 1801 ex
1401 1742 1497 1800 ΡΟ
1526 1741 1684 1800 latus
1707 1741 1894 1800 habet
1917 1741 2082 1820 quod
2105 1750 2196 1801 est
2225 1762 2353 1802 me-

621 1837 787 1895 dium
817 1837 978 1896 inter
1008 1838 1086 1896 ΙΡ
1116 1845 1178 1896 et
1207 1836 1395 1915 ipsius
1418 1835 1692 1914 duplum,
1722 1835 1786 1894 id
1807 1846 1900 1895 est
1923 1836 2054 1914 (per
2071 1855 2242 1915 prop.
2267 1836 2356 1915 iii)

619 1932 780 1990 inter
811 1932 950 2004 ΟΜ,
983 1932 1108 1991 sive
1139 1951 1348 1991 arcum
1380 1930 1496 2002 CZ,
1530 1939 1591 1989 et
1619 1930 1808 2008 ipsius
1841 1929 2172 1990 semissem.
2232 1930 2355 1990 Sed

619 2026 980 2103 quadratum
1014 2046 1087 2085 ex
1111 2025 1198 2085 ab
1230 2045 1370 2084 cum
1400 2025 1911 2103 consequentibus
1942 2023 2254 2103 quadratis
2279 2043 2354 2083 ex

619 2121 856 2179 caeteris
903 2121 1165 2179 arcubus
1216 2119 1497 2179 omnibus
1536 2118 1877 2178 terminatis
1923 2119 1988 2178 in
2032 2118 2167 2192 bM,
2209 2129 2354 2179 sunt

624 2213 759 2291 (per
787 2215 1009 2273 lemma
1036 2213 1413 2293 praecedens)
1451 2213 1768 2272 dimidium
1792 2213 2073 2292 quadrati
2103 2214 2180 2273 ab
2206 2233 2354 2273 arcu

619 2308 734 2367 CZ.
838 2309 1043 2370 Quare
1103 2308 1466 2387 quadratum
1525 2307 1688 2385 quod
1744 2308 1862 2367 illis
1921 2308 2201 2367 omnibus
2259 2317 2353 2367 est

618 2402 867 2479 aequale,
899 2403 1151 2462 habebit
1181 2422 1291 2480 pro
1319 2402 1511 2461 latere
1542 2401 1800 2459 mediam
1832 2401 2349 2479 proportionalem

615 2496 776 2555 inter
805 2518 1016 2556 arcum
1049 2497 1165 2570 CZ,
1191 2496 1255 2555 id
1278 2505 1368 2555 est
1397 2504 1627 2554 rectam
1661 2495 1802 2567 CM,
1836 2505 1898 2554 et
1927 2495 2116 2573 ipsius
2147 2497 2351 2555 semis-

618 2610 763 2650 sem.
854 2592 1063 2651 Media
1091 2601 1295 2650 autem
1327 2590 1430 2648 illa
1461 2598 1554 2648 est
1592 2589 1723 2666 ipsa
1765 2598 1937 2647 recta
1975 2589 2090 2659 ΡΟ,
2131 2609 2350 2668 nempe

617 2685 803 2763 dupla
847 2695 1033 2746 rectae
1065 2686 1197 2758 GQ,
1230 2705 1366 2764 quae
1412 2684 1755 2742 differentia
1797 2693 1891 2742 est
1937 2683 2098 2743 inter
2129 2685 2238 2744 AG
2286 2695 2349 2744 et

616 2779 755 2839 AO..
842 2781 995 2840 Dico
1034 2791 1352 2859 praeterea,
1385 2777 1681 2856 quadrata
1721 2797 1970 2836 arcuum
2013 2777 2347 2838 eorundem

615 2892 739 2932 una
779 2894 918 2933 cum
956 2874 1255 2952 quadrato
1306 2872 1383 2931 ab
1431 2892 1577 2930 arcu
1627 2871 1726 2930 CZ
1779 2871 2099 2931 dimidium
2146 2871 2348 2932 facere

616 2987 793 3026 arcus
839 2969 952 3041 ST,
986 2968 1110 3027 sive
1151 2975 1334 3026 rectae
1381 2966 1524 3033 BC;
1572 2976 1632 3024 et
1677 2965 1933 3043 proinde
1982 2966 2346 3044 quadratum

617 3062 782 3140 quod
822 3063 939 3121 illis
986 3062 1265 3121 omnibus
1301 3068 1392 3118 est
1435 3059 1687 3138 aequale,
1727 3060 1953 3118 habere
2001 3080 2113 3138 pro
2156 3060 2346 3120 latere

615 3165 846 3216 rectam
877 3157 996 3217 AO.
1023 3155 1288 3214 mediam
1316 3154 1478 3212 inter
1507 3154 1615 3212 AB
1647 3164 1709 3212 et
1739 3154 1866 3213 AG.

705 3249 933 3309 Coroll.
1006 3250 1086 3309 Et
1112 3256 1454 3328 propterea,
1487 3248 1784 3326 quadrata
1814 3267 1887 3306 ex
1918 3247 2198 3307 omnibus
2226 3247 2345 3306 illis

614 3345 895 3416 arcubUS‚
946 3351 1254 3420 assumpto
1306 3341 1603 3420 quadrato
1663 3341 1738 3400 ab
1790 3361 1936 3400 arcu
1983 3340 2097 3414 ST,
2154 3340 2345 3420 (quod

614 3440 977 3518 quadratum
1023 3437 1255 3516 aequale
1302 3446 1395 3495 est
1430 3435 1727 3514 quadrato
1770 3435 2041 3511 ABCD)‚
2083 3434 2344 3514 aequalia

615 3554 746 3594 esse
798 3533 1033 3592 duobus
1075 3531 1384 3610 quadratis
1425 3530 1603 3590 simul
1650 3550 1686 3589 a
1729 3529 1914 3589 radiis
1953 3530 2062 3589 AB
2103 3538 2164 3589 et
2202 3529 2340 3601 ΑΩ,

615 3630 786 3707 cujus
815 3628 975 3688 latus
1005 3627 1121 3686 erit
1142 3635 1312 3686 recta
1334 3626 1518 3685 ducta
1547 3645 1583 3684 a
1611 3633 1842 3703 puncto
1866 3625 1921 3684 D
1946 3623 2023 3683 ad
2047 3633 2342 3702 punctum
