2462 4120
550 380 639 421 DE
673 379 1179 422 MAGNITUDINE
1218 380 1524 424 CIRCULI.
1779 370 1898 435 367

163 519 304 579 dine
360 537 538 578 arcus
595 517 759 578 idem
815 518 1068 597 ponitur
1123 518 1253 591 BD,
1312 539 1490 579 arcus
1549 528 1754 580 autem
1807 522 1903 581 ST

161 613 409 693 aequalis
439 622 534 672 est
563 622 750 674 rectae
783 614 918 672 DC.
1006 613 1119 673 Est
1148 633 1296 693 ergo
1323 614 1509 673 etiam
1529 614 1630 674 DS
1655 616 1902 695 aequalis

162 709 397 768 duabus
427 708 656 786 quintis
686 728 863 768 arcus
895 708 1026 768 BD.

251 801 483 862 Coroll.
549 803 826 863 Semissis
890 823 1037 882 ergo
1099 811 1287 862 rectae
1338 802 1449 862 DS
1509 804 1757 881 aequalis
1811 815 1904 864 est

162 897 392 976 quintae
437 897 601 975 parti
642 918 819 958 arcus
850 898 979 957 BD.
1070 897 1279 958 Quare
1309 897 1360 955 si
1389 897 1652 956 semissis
1678 898 1779 957 DS
1817 899 1905 974 (id

158 1001 271 1062 est,
292 991 403 1066 Fu)
433 991 938 1071 quintuplicetur,
963 1001 1096 1052 tota
1125 992 1375 1071 aequalis
1399 992 1515 1051 erit
1545 1000 1729 1051 rectae
1754 993 1903 1051 BM:

161 1095 224 1145 et
266 1086 525 1165 proinde
568 1106 746 1146 arcus
787 1087 924 1146 Mm
969 1087 1221 1166 aequalis
1263 1095 1356 1146 est
1407 1086 1742 1166 quintuplae
1783 1087 1905 1146 BE.

161 1180 318 1240 Cum
366 1181 530 1240 enim
580 1202 759 1242 arcus
806 1183 901 1242 ST
952 1183 1202 1261 aequalis
1257 1182 1337 1241 sit
1389 1191 1576 1242 rectae
1616 1182 1745 1254 AB,
1793 1182 1909 1240 erit

158 1295 341 1335 arcus
390 1275 752 1355 quadrantis
806 1276 1100 1356 descripti
1141 1298 1178 1337 a
1214 1277 1468 1337 dimidia
1513 1277 1616 1337 DS
1659 1276 1907 1355 aequalis

161 1380 349 1430 rectae
381 1370 510 1444 BE,
542 1381 604 1430 et
644 1391 823 1431 arcus
870 1370 1214 1450 descriptus
1244 1391 1280 1431 a
1311 1370 1564 1432 dimidia
1594 1371 1697 1432 DS
1733 1370 1909 1450 quin-

161 1466 459 1546 tuplicata
488 1465 738 1545 aequalis
769 1466 1107 1546 quintuplae
1138 1465 1262 1526 BE.

743 1653 1161 1695 PROPOSITIO
1195 1654 1322 1695 VII.

245 1746 524 1807 Semissis
563 1768 740 1809 arcus
771 1749 881 1809 BD
929 1749 1174 1828 (nempe
1206 1750 1357 1826 BP),
1400 1758 1571 1808 recta
1603 1747 1711 1809 QP
1747 1747 1908 1826 (quae

159 1841 364 1901 media
400 1852 496 1901 est
539 1844 1020 1922 proportionalis
1064 1845 1225 1903 inter
1255 1844 1364 1902 AB
1397 1853 1460 1903 et
1489 1842 1652 1918 AG),
1703 1851 1764 1902 et
1796 1843 1907 1902 Ro

156 1936 285 1996 sive
317 1937 439 2008 DS,
472 1947 615 1997 sunt
661 1939 952 1999 continue
997 1939 1505 2018 proportionales
1597 1937 1909 1998 Quoniam

159 2031 270 2091 AB
310 2032 513 2092 media
554 2042 648 2093 est
700 2034 1176 2114 proportionalis
1223 2035 1387 2094 inter
1438 2053 1649 2094 arcum
1694 2033 1804 2093 BD
1846 2041 1909 2092 et

158 2135 393 2186 rectam
423 2127 526 2187 DS
557 2128 653 2188 vel
678 2128 810 2201 Ro,
838 2129 1174 2208 eademque
1204 2128 1408 2188 media
1437 2127 1908 2207 proportionalis

158 2220 320 2280 inter
350 2222 459 2281 AC
490 2222 898 2302 diagonalem,
931 2233 994 2283 et
1024 2224 1298 2302 ejusdem
1327 2223 1657 2296 semissem,
1686 2242 1908 2300 nempe

159 2315 267 2387 ΑΙ,
292 2315 407 2375 erit
427 2326 498 2375 ut
519 2337 699 2377 arcus
720 2318 828 2378 BD
848 2318 926 2378 ad
951 2318 1576 2398 diagonalemAC,ita
1596 2318 1909 2397 reciproce

160 2409 248 2468 AI
270 2409 350 2469 ad
369 2410 469 2470 DS
493 2411 590 2470 vel
613 2412 724 2472 Ro
747 2439 762 2482 ;
796 2422 858 2472 et
880 2433 992 2491 per
1015 2433 1412 2492 consequenS,
1431 2423 1503 2472 ut
1523 2413 1624 2472 BP
1645 2413 1908 2472 semissis

158 2503 348 2582 ipsius
369 2524 546 2564 arcus
569 2506 678 2566 BD
698 2507 775 2567 ad
797 2508 905 2577 AI,
930 2508 1114 2567 itaAI
1141 2507 1406 2567 semissis
1419 2507 1527 2567 AC
1550 2507 1628 2567 ad
1651 2507 1909 2567 eandem

160 2598 264 2657 DS
292 2599 390 2658 vel
416 2599 549 2659 ΒΟ.
638 2601 796 2661 Sunt
840 2622 988 2681 ergo
1027 2622 1205 2662 arcus
1248 2602 1373 2675 ΒΡ,
1403 2611 1577 2661 recta
1609 2602 1717 2662 QP
1753 2601 1906 2679 (sive

161 2691 300 2765 AI),
331 2704 397 2752 et
418 2693 519 2754 DS
538 2695 662 2754 sive
689 2696 821 2769 ΒΟ,
847 2698 1138 2757 continue
1168 2697 1678 2776 proportionales.
1749 2697 1906 2755 Sunt

161 2796 367 2845 autem
414 2798 539 2847 tres
590 2810 767 2850 arcus
800 2792 919 2866 BP,
952 2793 1071 2863 ΒΟ,
1103 2802 1166 2852 et
1171 2792 1274 2871 fh
1319 2792 1608 2852 continue
1651 2812 1905 2871 propor-

161 2881 439 2941 tionales
527 2883 689 2944 Nam
723 2885 826 2964 Bf
862 2898 955 2947 est
1002 2889 1220 2966 quinta
1264 2908 1407 2967 pars
1442 2888 1650 2947 lateris
1680 2888 1809 2959 AB,
1842 2896 1904 2946 et

163 2975 273 3055 Af
289 2985 554 3054 quatuor
576 2980 806 3057 quintae
836 2982 1107 3059 ejusdem
1130 2983 1239 3042 AB
1265 3009 1280 3051 ς
1327 2991 1389 3041 et
1416 2981 1674 3059 proinde
1682 2983 1748 3060 s
1748 2981 1786 3040 h
1810 2990 1905 3040 est

162 3070 301 3130 duae
329 3071 559 3150 quintae
603 3093 780 3134 arcus
812 3076 940 3150 BD,
973 3098 1152 3156 quam
1199 3078 1496 3156 aequalem
1548 3096 1676 3136 esse
1718 3085 1903 3135 rectae

162 3163 278 3224 RO
309 3173 619 3225 ostensum
648 3178 740 3227 est
770 3169 833 3228 in
864 3172 1186 3231 corollario
1231 3171 1637 3250 praecedentis
1680 3190 1903 3249 propo-

161 3259 415 3319 sitionis·
504 3260 660 3320 Cum
708 3282 854 3342 ergo
907 3285 1083 3326 arcus
1122 3267 1218 3326 eO
1259 3266 1495 3325 medius
1533 3267 1612 3325 sit
1649 3284 1902 3344 propor-

162 3354 407 3415 tionalis
453 3355 614 3415 inter
666 3377 876 3417 arcum
918 3360 1019 3419 BP
1056 3371 1117 3420 et
1157 3381 1370 3421 arcum
1392 3361 1512 3441 fh,
1567 3360 1684 3420 erit
1727 3376 1903 3417 arcus

161 3450 259 3509 eO
284 3449 518 3509 medius
541 3452 1012 3528 proportionalis
1038 3454 1200 3514 inter
1223 3476 1433 3514 arcum
1460 3455 1560 3513 BP
1578 3463 1639 3512 et
1669 3460 1900 3510 rectam

164 3543 312 3612 R0;
344 3551 406 3602 et
432 3544 691 3622 proinde
721 3547 967 3624 aequalis
997 3557 1183 3607 rectae
1205 3549 1348 3617 QP;
1381 3557 1524 3607 sunt
1549 3566 1692 3624 ergo
1723 3563 1898 3603 arcus

164 3638 283 3707 BP,
309 3646 478 3697 recta
509 3638 635 3711 QP,
660 3647 724 3698 et
753 3649 924 3700 recta
947 3641 1058 3701 Ro
1080 3643 1371 3702 continue
1396 3638 1895 3720 proportionales

1970 543 2110 576 PROP.
2136 541 2206 573 VI.

1968 598 2207 628 *qr—d
