2522 4152
572 369 607 421 2
930 377 1371 420 EXAMINATIO
1406 379 1490 420 ET
1523 379 1935 422 EMENDATIO

266 541 511 573 mALoGns
574 517 699 577 tola
742 515 1113 576 dedicatoria
1154 516 1305 575 illud
1348 518 1626 591 affirmat,
1674 530 1737 578 et
1782 519 1860 578 ad
1893 519 2292 598 geometriam

272 664 280 675 ,
375 608 406 640 ¹·
498 665 503 673 ‚
572 611 756 671 fuisse
806 611 1136 688 relegatam
1179 613 1253 670 ab
1293 612 1710 684 arithmeticiS,
1756 623 2079 692 propterea
2129 613 2293 691 quod

573 706 701 764 sine
730 706 1065 783 geometria
1092 725 1377 783 magnam
1405 706 1468 764 in
1499 706 1866 765 calculandis
1895 707 2292 766 fractionibus

571 799 934 859 invenerunt
965 799 1399 858 difficultatem.

655 892 735 952 A.
779 893 1131 952 Eandemne
1160 913 1289 952 rem
1319 912 1448 952 esse
1479 902 1684 952 censet
1712 893 2012 952 rationem
2044 902 2104 952 et
2134 893 2290 952 frac-

574 987 804 1046 tionem
831 985 851 1044 ?

655 1081 737 1139 B.
783 1080 877 1139 Ita
905 1079 1102 1157 plane,
1133 1088 1195 1138 et
1224 1078 1287 1137 id
1315 1079 1586 1157 pluribus
1616 1088 1746 1136 tum
1775 1079 1955 1157 hujus
1985 1087 2114 1138 tum
2144 1079 2291 1139 alio-

573 1194 708 1235 rum
738 1193 985 1233 suorum
1006 1173 1299 1232 librorum
1326 1172 1475 1231 locis
1508 1172 1749 1231 disertis
1772 1173 1968 1231 verbis
1999 1174 2227 1233 asserit.

656 1269 736 1327 A.
781 1268 1092 1328 Asserenti
1138 1277 1399 1339 tantum,
1443 1287 1567 1325 non
1608 1266 1790 1325 etiam
1831 1266 2289 1340 demonstranti,

573 1383 697 1421 non
739 1371 830 1421 est
868 1381 1112 1421 necesse
1150 1370 1220 1420 ut
1251 1361 1670 1420 assentiamur.
1759 1360 1880 1419 Sed
1916 1360 2293 1438 legamus.—

579 1455 972 1525 Qaantumvis
1018 1476 1134 1514 non
1180 1455 1292 1513 sim
1335 1475 1451 1535 ego
1490 1472 1756 1532 prorsus
1790 1454 2030 1512 nescias
2064 1463 2292 1533 quanto

573 1548 853 1608 subsidat
882 1546 1710 1608 intervalla—Quantumvis
1738 1546 2044 1607 Wallisius
2075 1547 2291 1608 doctus

573 1643 651 1701 sit
681 1643 1161 1716 mathematicus,
1186 1662 1310 1702 non
1333 1650 1425 1701 est
1446 1648 1610 1701 certe
1633 1641 1865 1700 Latinae
1886 1641 2110 1721 linguae
2133 1642 2292 1721 peri-

572 1737 857 1796 tissimus,

655 1831 735 1889 B.
783 1831 975 1908 RogO,
1009 1830 1264 1909 quidni?

656 1925 735 1982 A.
784 1925 943 1985 Quia
973 1925 1074 2002 qui
1107 1924 1255 1983 dicit
1286 1923 1677 2004 quantumvis,
1717 1943 1846 1982 rem
1883 1923 2292 1984 determinan-

575 2017 714 2077 dam
744 2018 1030 2096 relinquit
1060 2019 1311 2078 arbitrio
1341 2027 1447 2078 tuo
1475 2045 1489 2086 ;
1537 2018 1641 2096 qui
1671 2017 1821 2076 dicit
1838 2038 2125 2097 prorsus,
2163 2019 2290 2097 ipse

577 2111 958 2171 determinat.
1053 2113 1263 2190 Itaque
1317 2111 1699 2191 quantumvis
1750 2120 1812 2172 et
1857 2131 2118 2193 prorsus
2167 2131 2292 2172 non

576 2206 901 2265 cohaerent.
993 2206 1385 2275 Quantumm's
1411 2205 1624 2264 doctus
1647 2205 1861 2265 Latine
1886 2206 2144 2275 dicitur;
2185 2206 2293 2266 sed

575 2300 952 2380 quantumvis
974 2300 1355 2359 doctissimus
1378 2320 1501 2359 non
1522 2301 1688 2359 item.
1777 2301 2083 2373 Similiter,
2105 2321 2292 2380 quan-

577 2394 790 2452 tamvis
812 2414 1069 2474 magnus
1093 2395 1314 2454 dicitur
1339 2421 1353 2464 ;
1401 2394 1507 2453 sed
1536 2415 1658 2453 non
1683 2395 2064 2474 quantumvis
2094 2395 2291 2473 infini-

577 2495 694 2546 τηε.
787 2488 1179 2558 Quantumvis
1203 2499 1264 2548 et
1286 2489 1424 2562 etsi,
1456 2510 1578 2548 non
1601 2489 1763 2548 idem
1787 2498 2006 2549 sonant
2034 2509 2288 2570 semper.

657 2581 737 2641 B.
785 2582 1189 2660 Negligentiae
1227 2583 1388 2656 huic,
1430 2583 1481 2642 si
1509 2583 1625 2642 hoc
1663 2583 1798 2642 loco
1833 2603 1956 2642 non
1987 2593 2293 2643 oratorem

576 2675 815 2753 egisset,
849 2675 955 2734 sed
983 2676 1494 2748 mathematicum,
1524 2676 1702 2735 facile
1723 2676 1956 2755 ignosci
1976 2677 2291 2756 potuisset.

659 2769 737 2827 A.
783 2769 1463 2846 Pergamus—Norant
1522 2770 1735 2828 melius
1785 2791 1965 2850 quam
2015 2770 2160 2829 mihi
2208 2770 2294 2828 sit

576 2881 746 2940 opaS,
767 2860 1092 2942 sigillatim
1112 2861 1223 2921 illa
1242 2863 1586 2942 repetenda
1608 2863 1859 2944 singula
1878 2864 2294 2924 immorari.—

574 2955 906 3014 Videturne
935 2956 1045 3015 tibi
1075 2957 1258 3014 verba
1284 2956 1415 3015 haec
1445 2957 1662 3016 Latina
1691 2977 1818 3017 esse
1843 2956 1863 3016 ἓ

657 3050 739 3108 Β.
785 3049 1038 3108 Minime
1059 3069 1221 3108 sane.
1283 3051 1441 3111 Nam
1462 3052 1694 3112 dictum
1715 3051 1986 3130 oportuit
2003 3051 2292 3132 singuliS,

575 3152 646 3202 ut
676 3152 738 3203 et
767 3143 897 3221 ipse
926 3144 1071 3203 alias
1101 3143 1386 3221 loquitur.

657 3236 738 3296 A.
781 3238 1064 3296 Erratum
1125 3256 1269 3315 ergo
1332 3246 1424 3296 est
1482 3239 1951 3317 typographi.——
1968 3239 2141 3299 Unde
2196 3239 2296 3299 hic

576 3329 741 3389 solus
775 3330 1037 3389 selectus
1051 3330 1214 3407 fait,
1254 3331 1360 3411 qai
1397 3331 1845 3391 serenissimam
1885 3333 2139 3414 Angliae
2171 3334 2295 3393 Re-

572 3424 787 3504 ginam
815 3423 1246 3483 Elisabetham
1275 3424 1338 3483 in
1375 3425 1614 3483 Groecis
1644 3424 1873 3486 litteris
1903 3427 2294 3487 instituat.—

576 3519 868 3578 Latinene
899 3518 1016 3577 hoc
1041 3518 1060 3577 Ρ

657 3614 738 3673 Β.
785 3613 1058 3672 Minime.
1145 3613 1292 3672 Erat
1323 3612 1482 3672 enim
1509 3614 1893 3675 scribendum
1919 3615 2290 3676 institueret.
