2462 4120
310 569 421 601 CAP.
443 569 510 602 VI.

282 626 522 653 s-Y-—ae

595 395 714 447 342
1051 406 1512 449 PROBLEMATA
1544 409 1862 451 PHYsch.

594 543 757 621 quod
787 563 1013 604 novum
1043 565 1080 605 a
1107 547 1300 606 veteri
1339 546 1569 606 mundo
1610 557 1871 626 separat,
1901 546 2318 607 Atlanticum:

242 673 572 719 Depmvifflento,
595 657 778 716 supra
832 659 967 718 quae
1006 642 1199 700 maria
1243 641 1333 700 sol
1372 641 1598 700 rectior
1636 642 1865 701 incedit
1911 661 2094 720 quam
2139 661 2323 719 supra

240 727 393 773 aliisque
416 729 500 764 coeli
516 741 576 764 va-

238 781 438 817 rietatibus.

595 741 837 805 caetera,
891 742 954 794 et
1002 745 1328 813 propterea
1374 737 1667 813 majorem
1711 735 1854 795 inde
1906 736 2101 795 elevat
2146 754 2323 814 aquae

597 827 1018 904 quantitatem.
1110 829 1263 888 Quae
1303 848 1442 886 cum
1488 828 1552 887 in
1602 829 1825 888 nubem
1874 829 2184 904 coaluerit,
2217 828 2323 887 de-

596 920 833 980 scendit
861 941 1070 980 rursus
1100 922 1163 980 in
1192 921 1415 999 pluvia.

679 1015 760 1074 A.
809 1015 873 1074 Si
920 1016 1009 1074 sol
1061 1035 1302 1092 aquam,
1347 1026 1418 1074 ut
1466 1014 1636 1086 dicis,
1678 1015 1893 1088 elevat,
1940 1034 2048 1075 cur
2097 1034 2223 1077 non
2262 1022 2325 1074 et

597 1108 896 1168 sustinere
927 1118 1129 1188 potest
1158 1129 1235 1167 ne
1265 1109 1497 1168 recidat
1522 1109 1542 1168 ?

681 1203 761 1262 B.
821 1204 1022 1262 Etiam
1069 1204 1416 1277 sustineret,
1462 1202 1663 1276 credo,
1705 1203 1823 1262 nisi
1868 1203 2076 1263 multae
2120 1210 2325 1281 partes

597 1307 1029 1357 concurrentes
1088 1297 1358 1375 pondere
1417 1317 1526 1356 suo
1578 1297 1702 1355 vim
1763 1297 2102 1356 elevantem
2147 1316 2326 1376 supe-

594 1400 822 1451 rarent.

677 1486 758 1545 A.
806 1485 960 1546 Quae
994 1505 1175 1544 causa
1204 1493 1295 1544 est
1326 1485 1695 1544 concursus?

677 1578 756 1639 B.
805 1578 1115 1656 Quicquid
1157 1579 1371 1638 lationi
1419 1599 1630 1637 earum
1680 1598 1742 1637 se
1785 1578 2058 1657 opponit,
2090 1586 2152 1638 et
2189 1586 2327 1639 tan-

594 1674 784 1752 tisper
824 1674 1049 1732 retinet
1090 1673 1235 1732 dum
1287 1674 1422 1734 aliae
1466 1675 1947 1753 supervenerint,
1979 1683 2048 1733 ut
2091 1682 2327 1734 montes

595 1768 691 1827 vel
750 1777 987 1826 ventus.
1097 1768 1419 1840 Praeterea,
1480 1766 1723 1846 quando
1779 1766 2061 1826 feruntur
2117 1787 2328 1828 versus

595 1861 787 1940 polos,
820 1861 925 1919 ubi
955 1862 1044 1920 vis
1076 1862 1217 1920 solis
1249 1873 1498 1940 propter
1540 1861 1960 1939 obliquitatem
1989 1861 2188 1920 minor
2217 1869 2328 1934 est,

594 1955 758 2014 unde
783 1955 1162 2015 descendunt
1191 1956 1486 2034 paulatim
1515 1956 1784 2034 pondere
1817 1975 1946 2015 suo,
2036 1955 2158 2014 Sed
2188 1955 2331 2033 quia

593 2050 831 2127 pondus
891 2049 1042 2108 illud
1092 2050 1290 2109 tendit
1333 2052 1408 2109 ab
1469 2050 1636 2109 omni
1684 2059 1858 2128 parte
1915 2049 1994 2108 ad
2050 2058 2329 2108 centrum

594 2154 795 2216 terrae,
819 2145 1162 2203 necessario
1194 2156 1500 2222 coguntur
1527 2143 1948 2204 descendendo
1977 2143 2042 2202 in
2066 2143 2330 2222 spatium

595 2240 843 2307 aretine,
877 2248 937 2297 et
967 2239 1224 2316 guttulae
1256 2249 1546 2298 contactu
1575 2248 1876 2298 crescunt.

680 2330 757 2391 A.
805 2333 876 2391 In
914 2333 1221 2392 altissimis
1274 2334 1582 2391 montibus
1623 2353 1732 2391 cur
1761 2345 1887 2391 tam
1919 2350 2079 2410 saepe
2109 2330 2328 2409 ningit,

597 2436 726 2486 tam
756 2447 894 2485 raro
925 2427 1082 2504 pluit
1109 2426 1129 2485 ἓ

682 2519 757 2579 Β.
812 2521 972 2580 Quia
1001 2539 1256 2598 vapores
1296 2520 1516 2579 elevati
1564 2538 1746 2597 supra
1776 2538 2041 2578 summos
2070 2527 2329 2591 monteS,

597 2615 702 2674 ubi
731 2626 935 2673 motus
967 2615 1122 2672 aeris
1155 2623 1245 2672 est
1292 2614 1655 2685 liberrimUS,
1699 2614 1774 2671 ab
1815 2614 1918 2672 illo
1960 2621 2131 2672 motu
2177 2612 2332 2672 aeris

599 2709 1018 2787 congelantur,
1042 2718 1370 2786 antequam
1400 2709 1464 2766 in
1492 2718 1699 2786 guttas
1724 2708 2104 2786 majusculaS,
2126 2707 2333 2785 quales

598 2804 831 2863 faciunt
859 2802 1146 2881 pluviam,
1172 2803 1483 2862 uniantur.
1546 2801 1817 2861 Guttulae
1847 2812 2053 2860 autem
2075 2801 2161 2860 sic
2191 2820 2332 2860 con-

599 2898 818 2978 gelatae
850 2906 994 2955 sunt
1024 2896 1148 2955 nix.

681 2988 756 3049 A.
804 2990 928 3049 Cur
957 3000 1099 3053 tam
1144 3009 1282 3049 raro
1324 2990 1482 3068 pluit
1525 2990 1588 3048 in
1617 2989 1906 3067 AEgyptO,
1951 3008 2089 3047 cum
2127 2995 2334 3048 tamen

598 3086 663 3145 in
714 3086 862 3144 locis
914 3085 1211 3162 aequatori
1257 3085 1643 3163 propioribus
1690 3084 1895 3163 pluvia
1930 3092 2102 3143 tanta
2143 3083 2224 3142 sit
2264 3091 2335 3142 ut

599 3179 741 3238 inde
773 3180 902 3238 Nili
933 3180 1165 3239 oriatur
1194 3180 1512 3239 inundatio
1540 3178 1560 3238 ?
2106 3172 2109 3174 ’

682 3274 763 3332 Β.
813 3273 1029 3343 Causa,
1074 3284 1144 3331 ut
1194 3273 1337 3345 dixi,
1372 3271 1783 3332 descensionis
1831 3270 2054 3350 pluviae
2099 3289 2240 3342 una,
2273 3277 2335 3329 et

597 3368 757 3427 forte
804 3367 1087 3439 maxima,
1121 3377 1212 3426 est
1244 3368 1523 3427 collectio
1554 3376 1614 3426 et
1643 3367 1707 3426 in
1735 3366 1938 3425 nivem
1987 3363 2333 3443 inspissatio

598 3483 897 3542 vaporum
929 3461 1092 3520 circa
1125 3471 1364 3521 montes
1397 3481 1673 3539 magnOS,
1706 3480 1842 3538 quae
1873 3460 2062 3519 Lunae
2091 3459 2334 3518 Montes

599 3557 1014 3635 appellantur:
1060 3557 1367 3634 praecipue
1413 3576 1558 3616 vero
1617 3556 1917 3615 existente
1969 3554 2095 3613 sole
2143 3572 2334 3631 prope

600 3650 1108 3728 aequinoctialem,
1130 3651 1232 3728 qui
1263 3671 1481 3728 aquam
1508 3661 1654 3709 tunc
1676 3649 2095 3728 potentissime
2119 3646 2334 3717 elevat,
