2462 4120
202 535 314 568 CAP.
335 536 462 568 XXII.

224 596 451 619 ψὛ-,ί

215 644 272 678 De
290 644 448 679 sectione

217 698 356 744 auguli.

522 364 643 415 454
778 375 868 415 DE
903 373 1285 417 PRINCIPIIS
1321 374 1406 416 ET
1439 374 2041 416 RATIoclNATIONE

602 514 712 572 Est
741 532 887 592 ergo
920 533 1096 574 arcus
1120 514 1204 573 Ba
1228 513 1404 573 datus
1429 513 1655 573 divisus
1678 513 1977 573 trifariam
2007 532 2044 572 a
2071 513 2257 572 rectis

523 607 629 680 Ra,
650 609 747 667 Rs..
791 607 1023 667 Eodem
1051 608 1233 667 modo
1259 616 1466 686 potest
1494 627 1669 666 arcus
1699 628 1823 667 non
1854 608 2050 685 major
2074 626 2258 685 quam

522 722 698 764 arcus
731 702 855 772 BG,
888 701 1076 761 dividi
1107 701 1579 780 quinquifariam
1608 701 1705 760 vel
1744 701 1807 760 in
1838 701 2078 760 ratione
2109 719 2258 778 qua-

524 816 764 875 cunque
795 796 956 855 data.
1046 797 1218 855 Sicut
1254 795 1436 854 etiam
1476 815 1652 854 arcus
1691 797 1886 873 major
1916 815 2098 874 quam
2130 795 2256 867 BG,

524 890 575 953 Si
623 891 932 950 bisecetur
977 889 1173 949 donec
1212 908 1352 967 pars
1383 889 1514 966 ejus
1544 889 1743 947 minor
1782 890 1859 948 sit
1891 910 2074 969 quam
2109 889 2255 948 BG:

523 1004 742 1063 nempe
772 994 1011 1062 partem
1040 984 1353 1042 inventam
1386 982 1754 1060 duplicando
1791 983 1977 1043 toties
2019 983 2258 1061 quoties

524 1079 702 1138 datus
730 1079 997 1138 bisectus
1027 1077 1244 1136 fuerat.

605 1173 916 1252 Angulum
937 1191 1083 1249 ergo
1107 1171 1171 1230 in
1193 1170 1430 1229 ratione
1451 1170 1593 1229 data
1617 1169 1930 1229 divisimus
1955 1193 1968 1229 ε
1996 1179 2058 1230 et
2078 1190 2258 1250 prop-

523 1275 710 1340 terea,
743 1267 929 1326 etiam
971 1266 1430 1344 proportionem
1477 1265 1685 1324 datam
1733 1264 2005 1324 dividere
2056 1265 2258 1324 docui-

523 1383 656 1421 mus
713 1363 778 1420 in
834 1370 1037 1439 partes
1095 1360 1358 1438 aequales
1408 1368 1796 1438 quotcunque
1847 1358 2258 1439 requirentur.

524 1456 716 1536 quue
746 1455 1035 1515 methodo
1060 1455 1230 1514 brevi
1255 1463 1317 1514 et
1345 1455 1684 1534 perspicua.

1169 1941 1340 2001 CAP.
1373 1941 1614 2001 XXIII.

525 2092 613 2134 DE
663 2089 1109 2138 QUANTITATE
1158 2089 1395 2130 RECTAE
1445 2089 1850 2131 COMPosrrAE
1900 2089 1993 2130 Ex
2040 2087 2258 2130 RADIo

609 2186 893 2228 cuicum
941 2185 1025 2226 ET
1071 2183 1439 2226 TANGENTE
1488 2174 1566 2226 30
1607 2184 1976 2227 GRADUUM.
2064 2182 2259 2238 ITEM,

609 2279 991 2322 DUBITATIO
1028 2278 1251 2320 SUPER
1284 2278 1481 2319 PROP.
1509 2263 1608 2327 47.
1637 2279 1845 2320 ELEM.
1872 2279 1918 2332 1,
1946 2277 2094 2320 ETC.

529 2400 982 2460 QUADRATUM
1015 2405 1200 2456 rectae
1231 2397 1582 2475 compositae
1612 2417 1687 2455 ex
1729 2396 1902 2456 radio
1949 2395 2159 2456 circuli
2197 2404 2261 2454 et

524 2503 820 2572 tangente
867 2511 1042 2550 arcus
1090 2497 1168 2549 30
1215 2490 1535 2568 graduum,
1582 2499 1674 2550 est
1711 2490 1790 2550 ad
1829 2489 2194 2568 quadratum
2223 2509 2262 2549 a

523 2587 715 2658 radio,
748 2596 816 2645 ut
848 2585 1059 2645 decem
1089 2583 1168 2643 ad
1199 2597 1480 2662 quatuor.

609 2681 702 2740 Sit
730 2679 935 2739 radius
967 2678 1179 2737 circuli
1197 2678 1326 2749 AB,
1347 2679 1518 2757 cujus
1537 2677 1901 2757 quadratum
1921 2678 2000 2737 sit
2018 2677 2258 2737 ABCD.

524 2774 800 2833 Ducatur
821 2792 997 2832 arcus
1021 2772 1149 2844 BD,
1171 2772 1275 2849 qui
1294 2781 1386 2830 est
1405 2772 1712 2851 quadrans
1737 2771 1949 2830 circuli
1969 2771 2261 2850 descripti

526 2870 601 2928 ab
633 2868 760 2927 AB.

612 2963 864 3022 Secetur
899 2959 1269 3039 quadratum
1299 2959 1519 3019 ABCD
1564 2959 1629 3018 in
1672 2968 1934 3037 quatuor
1965 2957 2262 3037 quadrata

523 3056 779 3136 aequalia
807 3076 844 3114 a
865 3055 1049 3114 rectis
1083 3054 1205 3127 EF,
1230 3053 1366 3127 GH,
1397 3053 1741 3113 secantibus
1775 3073 1838 3112 se
1868 3063 2081 3113 mutuo
2112 3053 2176 3112 in
2207 3053 2255 3112 Ι.

526 3152 705 3212 Secet
754 3159 959 3209 autem
1010 3148 1125 3207 GH
1178 3168 1389 3207 arcum
1438 3147 1547 3206 BD
1598 3147 1662 3207 in
1713 3147 1806 3206 K:
1845 3147 2260 3226 jungaturque

522 3254 694 3304 recta
720 3243 855 3316 AK,
880 3242 1374 3321 producaturque
1405 3241 1485 3300 ad
1515 3241 1619 3300 BC
1648 3241 1711 3300 in
1734 3240 1817 3300 L:
1851 3241 1970 3300 erit
1999 3241 2103 3299 BL
2127 3250 2257 3300 tan-

523 3359 676 3419 gens
709 3346 787 3399 30
817 3336 1139 3416 graduum.

607 3435 818 3493 Rectae
860 3431 963 3490 BL
1011 3429 1335 3506 adjiciatur
1379 3430 1443 3488 in
1492 3429 1791 3488 directum
1838 3428 1978 3500 LM,
2011 3427 2259 3506 aequalis

526 3527 647 3587 BC.
753 3526 890 3586 Erit
931 3543 1076 3602 ergo
1125 3532 1259 3582 tota
1289 3524 1412 3582 ΒΜ
1453 3523 1794 3601 composita
1831 3542 1906 3582 ex
1946 3522 2050 3583 BC
2085 3521 2257 3582 radio

525 3621 756 3694 circuli,
788 3629 853 3680 et
883 3619 1000 3680 CM
1032 3626 1322 3695 tangente
1355 3625 1432 3679 30
1463 3617 1783 3696 graduum.
