2462 4120
789 369 878 409 DE
915 368 1197 411 NATURA
1232 370 1459 412 AERIS.
1878 362 2000 414 253

347 509 427 569 A.
475 507 656 570 Quod
687 507 736 566 si
766 527 875 586 per
905 508 1412 586 omnipotentiam
1454 508 1719 569 divinam
1766 513 2003 571 annihi-

260 603 470 676 latum,
501 603 597 661 vel
626 602 839 681 procul
868 602 931 660 in
962 602 1148 660 alium
1188 602 1393 661 locum
1422 603 1587 662 ultra
1618 606 1820 664 stellas
1850 608 2003 666 fixas

265 699 623 758 translatum
676 706 835 756 esset
885 697 1117 756 telluris
1171 697 1352 775 hujus
1407 697 1744 772 dimidium,
1799 720 2003 759 nonne

262 791 459 851 credis
477 799 715 870 partem
734 791 1031 869 reliquam
1055 790 1317 849 eundem
1336 801 1573 848 motum
1591 793 2002 851 retenturam?

344 885 422 945 B.
469 885 687 957 Cred0‚
720 893 782 944 et
827 884 996 963 (quia
1025 883 1204 943 video
1236 905 1357 963 quo
1397 884 1622 960 tendis)
1672 885 1808 945 dico
1851 907 2005 964 prae-

261 988 450 1053 terea,
477 979 592 1038 etsi
612 979 796 1038 unica
819 980 948 1058 ejus
974 986 1212 1038 atomus
1235 978 1334 1037 hic
1354 978 1820 1056 relinqueretur,
1845 981 2007 1058 quod

263 1074 449 1135 etiam
478 1074 581 1133 illa
610 1085 851 1134 atomus
883 1073 1097 1133 eodem
1130 1083 1480 1134 moveretur
1509 1080 1681 1131 motu
1711 1073 2008 1133 circulari

262 1168 571 1249 simplice.
1925 1181 1928 1184 ’

349 1264 430 1324 Α.
478 1263 800 1323 Particulae
845 1283 992 1342 ergo
1037 1263 1155 1323 illae
1205 1275 1422 1322 terreae
1473 1281 1824 1340 aqueaeque,
1871 1283 2008 1339 quae

265 1359 391 1418 aeri
419 1368 629 1418 nostro
661 1359 1044 1437 interspersae
1077 1367 1339 1417 vestram
1379 1357 1615 1416 faciunt
1645 1356 2010 1435 atmosphae-

265 1473 416 1526 ram,
449 1453 706 1512 eundem
740 1453 969 1512 habent
998 1453 1170 1513 illum
1201 1462 1438 1511 motum
1470 1449 1837 1510 circularem
1867 1451 2010 1510 sim-

254 1546 492 1627 plicem
523 1549 938 1626 congenitum.

354 1641 436 1701 B.
484 1641 846 1702 Necessario
879 1642 1173 1721 sequitur.

349 1736 430 1796 A.
478 1736 785 1816 Siquidem
818 1746 1023 1797 autem
1054 1737 1162 1808 sol,
1195 1736 1321 1796 sive
1340 1735 1648 1815 praecipue
1675 1735 1800 1794 sive
1826 1735 2009 1808 SOIUS‚

265 1831 598 1911 particulas
637 1832 770 1891 illas
801 1853 837 1891 a
866 1841 1032 1892 terra
1061 1831 1278 1904 elevat,
1302 1841 1372 1890 ut
1400 1830 1589 1889 vestri
1634 1829 1914 1903 credunt,
1949 1841 2012 1889 et

267 1946 406 1985 cum
436 1925 552 1985 illis
582 1946 696 2004 ego
723 1952 737 1994 ;
783 1926 933 1985 mihi
957 1926 1202 2006 quidem
1232 1946 1355 1984 non
1386 1923 1742 1983 incredibile
1782 1924 2014 1983 videbi·

266 2030 386 2095 tur,
418 2030 647 2101 quanto
679 2041 783 2080 aer
811 2022 1095 2100 proprior
1126 2031 1308 2081 terrae
1328 2030 1440 2091 est,
1464 2030 1640 2079 tanto
1672 2019 1844 2078 illum
1877 2039 2014 2099 par-

268 2116 432 2176 tibus
454 2117 669 2177 terreis
701 2137 829 2176 esse
859 2117 1212 2196 pleniorem.

352 2210 432 2271 B.
465 2211 738 2271 Dubium
767 2231 891 2270 non
924 2221 1034 2271 est.

352 2305 433 2366 A.
465 2306 777 2366 Intellexti
798 2326 944 2386 ergo
965 2306 1336 2386 hypotheses
1356 2323 1519 2363 meas
1534 2327 1547 2362 ε
1561 2303 2016 2383 primam‚quod

272 2401 398 2460 aeri
418 2401 805 2481 interspersae
837 2411 978 2461 sunt
1007 2401 1323 2480 particulae
1356 2400 1563 2458 multae
1594 2409 1834 2473 terreae,
1858 2421 2015 2478 prae-

274 2494 418 2555 ditae
438 2505 610 2556 motu
639 2497 921 2556 circulari
952 2497 1224 2576 simplice
1247 2504 1485 2555 naturae
1505 2515 1629 2554 suae
1656 2495 2012 2573 congenito:

275 2590 621 2665 secundam,
645 2591 807 2670 quod
831 2593 1025 2671 major
1052 2604 1146 2651 est
1171 2590 1479 2670 quantitas
1504 2609 1714 2648 earum
1744 2590 2016 2668 particu-

275 2682 470 2743 larum
519 2685 583 2744 in
628 2707 768 2746 aere
813 2708 1003 2767 prope
1049 2687 1128 2747 ad
1171 2698 1419 2759 terram,
1463 2705 1645 2764 quam
1695 2685 1760 2744 in
1800 2705 1939 2744 aere
1981 2705 2018 2744 a

278 2786 442 2838 terra
469 2781 814 2841 remotiore.

365 2871 444 2932 B.
491 2874 647 2935 Sunt
716 2877 962 2955 quidem
1030 2876 1400 2955 hypotheses
1472 2873 1639 2933 haud
1713 2873 2013 2933 absurdae.

281 2966 497 3027 Restat
522 2978 590 3028 ut
619 2971 902 3031 ostendas
944 2992 1155 3031 eorum
1196 2991 1376 3030 usum
1406 2970 1485 3029 ad
1530 2969 1821 3028 salvanda
1849 2968 2016 3047 phae-

282 3082 543 3122 nomena
571 3084 707 3143 quae
729 3086 893 3126 nunc
926 3067 1199 3127 dicturus
1231 3086 1384 3125 sum.
1473 3064 1695 3136 Prim0‚
1728 3064 2016 3141 quoniam

282 3155 426 3229 vidi,
457 3157 807 3236 recipiente,
835 3169 908 3220 ut
935 3181 1047 3221 nos
1088 3160 1415 3239 loquimur,
1469 3178 1646 3237 paene
1695 3158 2013 3228 exhaust0‚

286 3249 398 3321 vel,
427 3259 496 3309 ut
526 3260 595 3309 tu
624 3252 732 3323 viS‚
765 3254 1038 3313 suctione
1087 3274 1248 3333 saepe
1288 3251 1571 3332 repetita,
1609 3250 2014 3319 manubrium,

285 3342 450 3422 quod
487 3342 646 3404 forte
683 3346 960 3406 manibus
1000 3348 1128 3426 ejus
1181 3347 1286 3425 qui
1331 3355 1641 3404 suctorem
1687 3343 2017 3402 revellebat

285 3437 621 3515 elapsum*‚
653 3447 815 3498 retro
854 3438 1001 3499 ferri
1032 3461 1237 3501 versus
1270 3438 1532 3520 cylindri
1568 3437 2015 3498 summitatem:

686 3642 715 3669 '²⁶
754 3635 902 3684 Deest
925 3645 993 3684 est
1012 3637 1063 3684 in
1087 3639 1201 3687 edit.
1231 3639 1352 3685 1661
1382 3644 1429 3685 et
1459 3638 1600 3684 1668.
