2462 4120
823 412 1383 456 GEOMETRARUM.
1849 406 1962 458 411

232 556 393 615 enim
425 554 476 614 si
518 551 710 632 (quod
738 552 838 612 ille
870 552 1044 630 dicit)
1085 564 1386 631 punctum
1432 553 1584 612 nihil
1627 564 1738 627 est,
1771 556 1970 615 consi-

232 649 433 709 derari
487 657 785 728 punctum
843 647 1004 706 inter
1063 657 1421 725 utramque:
1482 667 1626 706 nam
1679 650 1971 728 contigua

229 751 487 822 possunt
531 761 657 801 non
693 739 877 800 modo
923 740 1059 799 loco
1105 739 1392 818 disjungi,
1425 739 1532 799 sed
1563 741 1749 800 etiam
1780 743 1970 821 quali-

229 849 355 897 tate
386 837 591 914 aliqua
621 835 884 908 differre,
915 844 985 894 ut
1025 834 1250 894 colore.
1340 834 1425 893 Et
1475 846 1802 914 propterea
1850 837 1972 897 duo

230 941 413 991 sunt:
461 940 524 990 et
554 931 641 990 sic
686 929 1045 989 habebimus
1085 929 1206 987 tria
1251 938 1502 1007 puncta,
1532 929 1820 988 nimirum
1853 931 1973 990 duo

227 1026 292 1085 in
321 1025 468 1105 ipsis
496 1025 671 1084 lineis
711 1024 1017 1103 contiguis
1063 1043 1324 1102 quorum
1368 1023 1631 1082 alterum
1663 1023 1739 1081 sit
1770 1024 1976 1084 album

228 1121 491 1180 alterum
542 1121 809 1199 nigrum,
840 1131 903 1179 et
945 1120 1108 1179 inter
1150 1118 1256 1177 illa
1299 1118 1420 1177 duo
1465 1127 1697 1197 puncta
1725 1119 1976 1177 tertium

227 1216 454 1276 nullius
485 1216 724 1275 coloris,
815 1213 1355 1275 Quemadmodum
1393 1213 1581 1272 etiam
1617 1211 1753 1270 duae
1782 1212 1978 1290 planae

230 1311 580 1390 superficies
632 1311 895 1370 admotae
948 1309 1027 1369 ad
1072 1317 1426 1368 contactum
1470 1317 1751 1366 mutuum
1797 1317 1978 1366 erunt

229 1406 423 1466 altera
481 1406 637 1479 alba,
693 1406 884 1466 altera
942 1406 1138 1483 nigra,
1185 1404 1378 1463 altera
1427 1403 1616 1462 nihil:
1664 1412 1726 1462 et
1769 1412 1977 1462 tamen

229 1520 440 1560 omnes
469 1501 649 1561 simul
678 1521 803 1560 una
833 1500 1208 1579 superficieS.

312 1595 457 1655 Non
490 1595 701 1654 dubito
732 1595 878 1674 quin
917 1594 1203 1654 Euclides
1249 1602 1576 1671 tangentes
1607 1592 1978 1652 circulorum

233 1709 472 1768 semper
520 1689 828 1748 ducendas
871 1689 1112 1768 putavit
1149 1707 1260 1767 per
1299 1687 1738 1746 diametrorum
1768 1686 1978 1745 termi-

229 1803 377 1843 nos:
410 1793 593 1862 atque
617 1784 707 1842 ita
729 1793 1029 1862 punctum
1051 1790 1370 1842 contactus
1394 1801 1632 1860 semper
1652 1801 1977 1840 commune

227 1879 374 1938 fecit
421 1879 606 1937 trium
657 1878 978 1950 linearum,
1009 1877 1320 1947 nimirum,
1354 1896 1530 1936 arcus
1579 1875 1811 1948 circuli,
1844 1885 1975 1934 tan-

227 1973 430 2052 gentis
462 1973 778 2045 circulum,
811 1983 874 2031 et
902 1973 1077 2031 lineae
1125 1971 1444 2051 cujusdam
1486 1991 1597 2050 per
1629 1991 1812 2049 quam
1842 1980 1977 2030 tan-

226 2088 378 2147 gens
409 2068 483 2126 ab
515 2087 664 2126 arcu
694 2067 884 2126 dividi
914 2077 975 2126 et
1006 2067 1144 2126 loco
1170 2067 1439 2145 separari
1462 2076 1691 2144 posset.
1760 2065 1976 2145 Neque

228 2162 519 2222 credibile
549 2171 659 2236 est,
692 2163 742 2221 si
773 2171 1129 2221 contactum
1176 2161 1323 2240 quid
1371 2162 1450 2220 sit
1494 2161 1656 2219 clare
1702 2160 1977 2239 explicu-

226 2257 376 2316 isset
403 2256 711 2330 Euclides,
737 2255 1217 2315 controversiam
1247 2256 1410 2314 inter
1442 2254 1719 2314 Clavium
1750 2264 1812 2314 et
1844 2254 1977 2314 Pel-

227 2351 510 2411 letarium
542 2351 617 2410 de
649 2351 875 2429 angulo
907 2359 1231 2410 contactus
1262 2351 1450 2409 ullam
1481 2350 1778 2409 extitisse.

311 2446 601 2506 Definitio
627 2445 863 2506 decima
893 2469 906 2504 ε
942 2445 1193 2504 Similia
1219 2443 1443 2504 circuli
1465 2452 1782 2525 segmenta
1813 2452 1975 2517 sunt,

228 2561 363 2620 quoe
394 2540 658 2621 angulos
685 2541 944 2621 capiunt
974 2539 1266 2620 oequaleS,
1298 2547 1407 2598 aut
1439 2538 1501 2597 in
1523 2537 1734 2617 quibus
1759 2537 1978 2619 anguli

229 2643 372 2694 sunt
419 2635 579 2694 inter
628 2655 697 2693 se
743 2634 1033 2714 oeqzcaleS.
1124 2634 1189 2694 Si
1232 2634 1295 2692 in
1341 2633 1580 2693 duobus
1641 2634 1976 2712 segmentis

230 2729 599 2788 circulorum
652 2729 824 2788 valde
883 2729 1276 2808 inaequalium
1320 2729 1803 2788 inscriberentur
1849 2727 1971 2786 duo

230 2823 440 2901 anguli
457 2823 616 2882 inter
637 2842 699 2882 se
722 2824 1002 2903 aequaleS,
1023 2824 1350 2883 credamne
1371 2843 1617 2883 omnem
1638 2822 1973 2894 hominem,

232 2917 336 2996 qui
393 2927 754 2994 agnosceret
811 2919 1177 2996 angulorum
1235 2918 1481 2977 illorum
1538 2917 1972 2994 aequalitatem,

230 3011 570 3070 necessario
601 3011 786 3071 etiam
816 3013 1169 3090 agniturum
1209 3032 1340 3071 esse
1380 3012 1652 3091 ipsorum
1693 3031 1973 3089 segmen-

231 3115 436 3164 torum
471 3104 931 3164 similitudinem
970 3106 1182 3164 inferri
1223 3126 1403 3185 posse
1434 3104 1876 3176 ratiocinando,
1908 3103 1973 3162 id

231 3210 344 3273 est,
375 3199 518 3258 inde
537 3199 633 3257 vel
663 3199 907 3258 aliunde
940 3200 1347 3261 demonstrari
1375 3201 1595 3280 posse?
1672 3200 1793 3259 Sed
1823 3209 1972 3257 tunc

229 3314 354 3353 non
407 3293 525 3352 erit
581 3293 895 3361 definitio:
939 3314 1083 3354 nam
1127 3315 1200 3355 ea
1246 3296 1429 3355 debet
1479 3315 1608 3355 esse
1652 3294 1970 3352 indemon-

231 3387 519 3448 strabilis.

316 3481 469 3541 Cum
509 3481 845 3560 geometria
898 3490 1027 3542 tota
1054 3492 1332 3542 versetur
1366 3483 1530 3542 circa
1572 3479 1965 3561 quantitate8‚

231 3575 801 3635 commensurabilia
845 3583 906 3634 et
955 3575 1614 3646 incommensurabilia‚
1654 3573 1966 3652 aequalita-

229 3680 355 3730 tem
387 3680 449 3730 et
470 3669 966 3748 inaequalitatem,
990 3671 1326 3750 figurarum
1348 3671 1773 3750 proportiones
1797 3675 1860 3726 et
1890 3665 1962 3725 si-

2069 578 2181 610 CAP.
2200 579 2250 609 X.

2048 686 2104 720 De
2120 686 2295 733 petitione

2046 741 2175 787 prima,
2187 745 2255 775 etc.
