2462 4120
613 323 691 376 80
971 335 1416 377 ΕΧΑΜῙΝΑΤΙΟ
1453 337 1534 376 ΕΤ
1569 308 1979 377 EMENDATIO

297 496 546 529 οιΑ-[οπο
612 473 675 532 id
705 482 814 546 est,
846 475 1141 534 rationem
1187 475 1654 553 multiplicatam
1693 495 1801 553 per
1837 475 1977 547 du0,
2010 474 2073 534 id
2102 482 2210 548 est,
2243 476 2338 534 ra-

303 620 312 632 .
400 564 452 596 Π·
533 621 541 632 ,
611 567 840 628 tionem
870 569 1260 649 duplicatam,
1290 569 1496 627 vocari
1523 569 1692 628 vides
1721 581 2014 628 διπλασίονα.

693 659 769 721 B.
815 663 1008 723 Video
1031 684 1243 723 vocem
1264 663 1430 722 illam
1451 673 1777 741 utrumque
1807 656 2145 742 significare
2176 661 2339 741 apud

610 756 944 830 Euclidem,
975 770 1106 817 tum
1139 757 1409 835 duplum,
1441 764 1574 814 tum
1617 757 2010 836 duplicatum,
2049 755 2338 836 quemad-

609 850 859 909 modum
918 852 1081 930 apud
1138 851 1444 910 authores·
1487 850 1736 910 Graecos
1797 860 2047 911 caeteros
2107 869 2336 910 omnes,

608 944 800 1003 Video
829 945 1013 1004 etiam
1035 943 1330 1004 vocabula
1349 943 1567 1002 Latina
1597 943 1847 1023 duplum
1871 955 1932 1004 et
1963 944 2339 1023 duplicatum

608 1037 769 1098 idem
800 1039 1160 1116 significare,
1189 1046 1259 1095 ut
1296 1046 1356 1095 et
1387 1037 1600 1096 Graeca
1644 1045 1846 1105 διπλοῦς,
1887 1047 2137 1104 διπλάσιος,
2177 1046 2337 1094 διπλα-

608 1141 733 1199 σίων,
768 1139 1106 1195 διπλασιαθεὶς.
1207 1130 1329 1190 Sed
1374 1150 1483 1189 cur
1527 1131 1722 1189 noluit
1755 1130 2039 1190 Euclides
2068 1130 2161 1188 uti
2189 1150 2338 1189 voce

608 1236 857 1295 διπλάσιος,
884 1245 1022 1284 cum
1050 1224 1269 1302 potuit,
1295 1233 1358 1283 et
1387 1223 1466 1283 ad
1496 1223 1850 1283 evitandum
1878 1223 2339 1302 ambiguitatem

606 1319 848 1380 videtur
878 1318 1172 1391 debuisse,
1203 1318 1476 1377 nondum
1505 1317 1826 1396 perspiciO.

691 1414 769 1472 A.
821 1413 1118 1474 Quaenam
1158 1432 1285 1472 esse
1329 1423 1533 1491 potest
1579 1411 1943 1490 ambiguitas
1989 1411 2050 1470 in
2089 1411 2338 1471 vocibus

608 1526 743 1583 quae
772 1507 932 1566 idem
963 1507 1308 1585 significant
1338 1507 1580 1585 ubique.
1670 1507 1825 1566 Sunt
1855 1506 1959 1585 qui
1988 1518 2174 1566 διπλοῦν
2219 1506 2339 1565 dis-

605 1604 893 1682 tinguunt
916 1624 952 1663 a
969 1611 1242 1671 διπλασίων,
1258 1605 1376 1663 hoc
1399 1624 1737 1678 numerum,
1762 1603 1914 1662 illud
1936 1604 2339 1683 quantitatem

606 1697 958 1757 continuam
1007 1697 1312 1775 respicere
1357 1698 1648 1757 dicentes,
1737 1697 1859 1756 Sed
1901 1697 2062 1756 inter
2104 1706 2339 1756 διπλάσιον

606 1801 669 1851 et
715 1802 989 1850 διπλασίονα
1036 1791 1444 1851 differentiam
1486 1792 1715 1852 nullam
1760 1792 2101 1862 observant,
2140 1811 2338 1870 neque

605 1885 990 1964 grammatici
1014 1905 1209 1964 neque
1232 1886 1648 1946 mathematici
1671 1886 1887 1945 Graeci.
1954 1885 2150 1945 Credo
2173 1886 2341 1964 equi-

607 1981 746 2039 dem
796 1990 1047 2037 διπλασίων
1075 2000 1297 2039 nomen
1342 1990 1578 2039 rectum
1607 1979 1838 2038 factum
1868 1999 1999 2038 esse
2029 1999 2065 2038 a
2094 1980 2339 2038 nomine

604 2074 823 2152 plurali
846 2074 1114 2152 genitivo
1145 2084 1412 2138 διπλασίων,
1454 2076 1625 2153 cujus
1670 2085 1870 2133 rectus
1900 2073 2219 2152 singularis
2249 2083 2339 2134 est

607 2177 875 2233 διπλάσιος;
926 2168 1130 2246 itaque
1176 2168 1241 2227 in
1292 2169 1708 2247 propositione
1765 2167 1981 2227 ultima
2035 2168 2340 2228 Elementi

608 2261 774 2332 DORl,
810 2271 860 2317 ἐν
886 2272 1121 2335 ἀναλογίᾳ
1146 2271 1426 2334 διπλασίονι,
1457 2262 1619 2321 idem
1655 2282 1784 2321 OSSG
1825 2262 1989 2340 qUOd
2017 2273 2067 2320 ἐν
2097 2275 2337 2338 ἀναλογίᾳ

608 2364 878 2426 διπλασίων,
900 2365 962 2413 et
990 2354 1053 2413 ln
1084 2355 1198 2414 hac
1230 2354 1584 2416 dssfillltlone
1615 2356 1870 2429 decima,
1895 2370 2041 2427 λόγον
2066 2365 2339 2415 διπλασίονα

606 2448 769 2507 idem
799 2467 929 2506 esse
962 2449 1125 2527 quod
1154 2461 1293 2520 λόγος
1317 2459 1594 2510 διπλασίων.
1682 2449 1854 2508 Nihil
1894 2469 2039 2527 ergo
2070 2459 2161 2508 est
2184 2449 2336 2508 diffi-

607 2542 851 2602 cultatis
897 2542 962 2600 in
1013 2543 1404 2621 eloquutione
1442 2543 2011 2603 mathematicorum
2039 2554 2334 2602 veterum.

606 2638 690 2697 At
711 2637 1081 2697 recentiores
1105 2638 1522 2698 difficultatem
1541 2639 1783 2698 sibimet
1801 2638 1946 2716 ipsis
1978 2647 2338 2698 creaverunt

606 2751 680 2791 ex
710 2731 958 2790 vocibus
1006 2732 1280 2791 barbaris
1325 2732 1708 2813 subduplum,
1753 2730 2140 2810 subtriplum,
2184 2741 2332 2791 etc.:

605 2824 827 2903 quippe
879 2825 983 2903 qui
1032 2845 1157 2885 non
1203 2826 1607 2886 meminerant
1659 2846 1734 2884 ex
1780 2824 2190 2904 duplicatione
2238 2826 2337 2884 vel

604 2919 789 2978 etiam
819 2919 1323 2997 multiplicatione
1369 2919 1599 2998 aliquid
1637 2919 1768 2979 fieri
1805 2938 1980 2998 posse
2009 2918 2335 2997 aliquando

605 3011 823 3072 minuS.
911 3013 1071 3072 Nam
1119 3015 1491 3092 quantitates
1535 3015 1713 3087 fictae,
1766 3014 1972 3092 quales
2014 3023 2159 3072 sunt
2208 3020 2333 3087 0-1,

607 3114 736 3180 3-5,
772 3115 833 3166 et
870 3106 1023 3179 aliae,
1065 3106 1131 3166 id
1176 3118 1284 3179 est,
1327 3110 1592 3169 minores
1643 3128 1827 3187 quam
1871 3107 2057 3176 nihil;
2103 3117 2334 3186 quanto

602 3200 738 3280 plus
783 3201 1265 3279 multiplicantur
1294 3224 1331 3262 a
1359 3222 1613 3263 numero
1643 3222 1808 3274 ver0,
1853 3211 2026 3261 tanto
2068 3202 2334 3261 minores

601 3294 776 3353 fiunt

689 3387 978 3447 Definitio
1011 3389 1267 3466 septima
1297 3398 1388 3449 est
1409 3389 1956 3469 proportionalium
1982 3414 1996 3458 ;
2028 3397 2332 3460 accurata,

607 3482 714 3542 sed
743 3492 804 3542 et
832 3482 1138 3542 facillima.
1223 3484 1331 3543 Est
1354 3485 1534 3557 enim,
1562 3484 1810 3543 definita
1831 3485 1959 3562 jam
1988 3481 2201 3541 eadem
2228 3501 2334 3539 ra-

601 3576 783 3648 tione,
805 3575 1226 3638 tantummodo
1257 3577 1593 3638 nominatio
1625 3597 1835 3638 eorum
1863 3596 1999 3655 quae
2028 3575 2330 3635 rationem
