2462 4120
619 373 729 425 122
970 385 1418 428 EXAMINATIO
1454 388 1539 428 ET
1573 389 1982 430 EMENDATIO

298 544 544 578 DIALOGUS
610 523 1063 601 comparatione
1109 525 1478 603 geometrica
1506 534 1542 585 4
1585 527 1664 585 ad
1704 535 1761 599 2,
1801 527 1895 586 vel
1937 535 1972 586 2
2005 526 2083 585 ad
2121 534 2171 600 1,
2201 528 2334 587 nul-

390 612 462 643 III.

301 668 536 697 s-——r--ae

607 617 745 676 lane
775 617 982 677 habita
1011 627 1102 678 θεῖ
1130 619 1288 678 ratio
1320 619 1721 680 differentiae?

687 711 768 770 B.
813 712 1010 790 AEque
1039 733 1111 771 ac
1139 713 1202 771 in
1233 714 1469 772 ratione
1499 715 1900 774 arithmetica.
1968 714 2128 773 Nam
2159 713 2332 774 diffe-

605 806 803 866 rentia
842 807 1002 866 inter
1031 815 1066 866 4
1101 816 1161 867 et
1202 816 1237 867 2
1281 818 1374 866 est
1420 808 1740 868 dimidium
1785 808 2219 881 antecedentiS,
2269 818 2332 867 et

607 900 950 960 differentia
976 901 1138 960 inter
1167 907 1203 960 2
1236 912 1298 960 et
1334 910 1384 972 1,
1405 912 1495 962 est
1523 903 1670 961 item
1700 902 2017 962 dimidium
2047 902 2327 961 differen-

606 995 709 1054 tiae
738 995 898 1054 inter
927 994 1294 1054 antecedens
1324 1004 1385 1054 et
1415 1015 1789 1074 consequens
1814 1021 1829 1063 ;
1875 1015 2131 1073 quarum
2161 995 2332 1054 diffe-

606 1089 939 1148 rentiarum
998 1090 1049 1148 si
1105 1088 1273 1147 nulla
1315 1089 1641 1147 haberetur
1693 1089 2114 1163 consideratiO,
2165 1091 2333 1149 nulla

607 1183 1097 1243 consideraretur
1127 1183 1374 1240 omnino
1405 1182 1582 1241 ratio,

689 1277 769 1337 A.
814 1277 1175 1350 Divisionz’S,
1201 1276 1418 1354 inquit,
1439 1275 1721 1355 quotiens
1746 1275 2014 1335 ostendit
2035 1275 2334 1336 rationem

605 1372 842 1431 dividui
870 1372 960 1430 ad
986 1370 1327 1430 divisorem.
1393 1370 1621 1429 Verum
1651 1381 1762 1429 est.
1837 1369 1959 1429 Sed
1986 1369 2050 1428 in
2080 1389 2334 1448 sequen-

605 1467 785 1538 tibus,
839 1465 1076 1544 quoties
1120 1464 1433 1542 proposito
1485 1484 1593 1524 suo
1646 1464 1911 1543 expedit,
1958 1464 2334 1541 quotientem

610 1579 847 1638 semper
894 1560 1042 1618 dicit
1083 1578 1213 1617 esse
1266 1558 1497 1617 dividui
1541 1558 1618 1618 ad
1666 1559 1990 1617 divisorem
2035 1558 2334 1618 rationem

606 1655 835 1732 ipsam;
882 1653 1105 1731 quippe
1136 1652 1240 1730 qui
1269 1653 1497 1731 absque
1528 1673 1599 1711 eo
1637 1652 1906 1731 regulam
1953 1671 2199 1711 auream
2229 1652 2334 1712 de-

604 1756 942 1807 monstrare
988 1767 1112 1806 non
1162 1747 1483 1825 potuisset.
1575 1747 1652 1805 Si
1689 1746 1957 1826 pendae,
2007 1746 2226 1824 inquit,
2278 1746 2333 1805 A

604 1842 689 1901 sit
718 1841 1065 1921 adpondus
1090 1841 1159 1913 B,
1191 1849 1259 1899 ut
1289 1839 1456 1900 linea
1486 1869 1518 1898 α
1543 1840 1633 1899 ad
1657 1840 1880 1899 lineam
1908 1839 1972 1914 β,
1995 1859 2114 1898 non
2135 1847 2333 1899 tamen

606 1936 732 1995 diei
754 1943 968 2015 potest
1006 1933 1296 2006 vicissim,
1328 1942 1394 1993 at
1419 1935 1668 2014 pondus
1698 1936 1754 1992 A
1783 1933 1873 1992 ad
1902 1932 2122 1992 lineam
2151 1962 2202 2007 α,
2241 1933 2334 1993 ita

594 2029 839 2109 pondus
869 2029 919 2087 B
950 2048 1083 2086 esse
1112 2026 1201 2086 ad
1224 2027 1447 2086 lineam
1475 2027 1538 2102 β.

686 2125 767 2182 B.
815 2121 1128 2201 Siquidem
1197 2141 1307 2199 per
1364 2120 1616 2201 pondus
1678 2120 1981 2199 intelligat
2028 2119 2336 2199 ponderis

601 2216 1027 2297 quantitatem,
1084 2236 1209 2275 non
1260 2215 1438 2275 video
1485 2235 1593 2274 cur
1643 2234 1765 2274 non
1814 2215 2006 2293 possit
2051 2215 2140 2273 ita
2193 2214 2332 2274 dici.

601 2311 763 2370 Nam
794 2310 1164 2390 quantitates
1194 2309 1478 2389 ponderis
1501 2317 1565 2367 et
1585 2308 1762 2368 lineae
1787 2307 2058 2367 exhiberi
2079 2316 2334 2387 possunt

601 2406 665 2464 in
696 2404 929 2464 duabus
958 2403 1151 2463 lineis.

683 2500 764 2560 A.
811 2500 1235 2559 Consentanea
1268 2498 1401 2558 haec
1438 2506 1580 2556 sunt
1615 2496 1688 2556 iis
1729 2515 1864 2574 quae
1893 2496 2118 2574 ubique
2146 2496 2333 2555 habet

599 2594 854 2672 loquens
913 2594 987 2653 de
1045 2602 1265 2653 natura
1322 2591 1680 2670 quantitatis
1713 2616 1727 2659 ;
1799 2590 2119 2648 confundit
2169 2591 2333 2650 enim

602 2691 985 2751 abstractam
1004 2711 1144 2750 cum
1167 2698 1465 2761 canerem,
1491 2687 1896 2770 quantitatem
1926 2707 2063 2746 cum
2089 2695 2330 2766 qaantO,

602 2795 895 2863 tanquam
926 2785 1342 2864 significarent
1380 2783 1562 2842 idem.
1651 2781 1771 2840 Sed
1810 2781 1948 2840 vide
1992 2801 2174 2860 quam
2218 2781 2332 2840 im-

600 2880 797 2957 perite
839 2879 1113 2958 loquitur
1151 2879 1215 2938 in
1245 2878 1654 2956 sequentibus.
1742 2876 1926 2935 Nosti
1964 2883 2329 2954 geometraS‚

602 2973 845 3050 quando
891 2974 1071 3032 datur
1109 2993 1251 3032 area
1290 2971 1627 3049 rectanguli
1665 2991 1804 3030 cum
1846 2990 1970 3029 uno
2013 2969 2331 3029 coefficen-

602 3069 777 3140 tium,
826 3053 986 3126 latus
1037 3066 1295 3126 alterum
1352 3065 1545 3125 solere
1591 3064 1864 3122 invenire
1910 3083 2020 3142 per
2068 3063 2333 3142 applica-

601 3162 832 3221 tionem
860 3181 1016 3220 areae
1053 3161 1131 3220 ad
1165 3161 1324 3219 latus
1356 3160 1604 3227 datum;
1650 3158 2065 3218 arithmeticos
2105 3167 2328 3231 autem,

605 3255 748 3315 dato
771 3274 1024 3313 numero
1054 3262 1116 3312 et
1143 3273 1266 3312 uno
1302 3271 1694 3311 numerorum
1727 3271 1837 3330 per
1876 3270 2136 3330 quorum
2175 3251 2330 3310 mul-

601 3348 1040 3427 tiplicationem
1067 3346 1264 3405 factus
1294 3355 1404 3419 θεῖ,
1437 3345 1697 3404 alterum
1726 3345 2000 3405 invenire
2027 3364 2138 3423 per
2177 3344 2331 3403 divi-

605 3445 854 3503 sionem.
969 3442 1185 3519 Itaque
1235 3449 1486 3519 propter
1536 3439 1992 3499 similitudinem
2041 3438 2331 3511 methodi,

608 3539 822 3598 divisio
856 3535 1379 3596 arithmeticorum
1409 3544 1470 3593 et
1513 3533 1839 3611 applicatio
1882 3543 2333 3611 geometrarum

606 3652 717 3711 pro
753 3631 966 3691 eadem
1004 3650 1069 3689 re
1110 3629 1320 3689 haberi
1366 3629 1696 3688 consuevit.
1783 3627 2059 3705 Exempli
2113 3647 2328 3687 causa:
