2462 4120
796 392 1358 436 GEOMETRARUM.
1828 383 1947 436 425

209 538 508 599 rationem
554 534 818 607 unicam,
870 544 932 594 et
984 534 1287 593 rationem
1321 542 1354 594 5
1389 533 1467 592 ad
1515 541 1536 592 1
1588 555 1716 594 esse
1769 536 1952 594 etiam
2010 557 2263 591 cAP.x111.

210 634 455 694 unicam
487 641 549 690 et
578 629 694 709 ipsi
724 629 1023 708 aequalem
1050 655 1064 697 ;
1098 640 1161 688 et
1184 629 1490 688 rationem
1515 636 1590 687 25
1620 629 1699 688 ad
1738 637 1758 688 l
1794 650 1955 688 com·
2004 614 2261 701 m

211 728 359 808 poni
410 747 482 785 ex
531 724 648 783 illis
697 724 1034 783 rationibus
1082 723 1317 782 duabus
1350 723 1699 802 aequalibus,
1791 725 1958 786 Quid
2005 720 2159 756 ⁰³¹⁰u10·

216 821 383 883 aliud
413 840 558 898 ergo
590 829 777 897 negat
808 819 1072 890 ClaviuS‚
1106 818 1222 877 nisi
1263 818 1567 877 rationem
1612 838 1686 876 ex
1727 818 1961 878 duabus

214 915 554 976 rationibus
585 914 922 993 aequalibus
954 913 1353 992 compositam
1380 913 1757 972 constituere
1782 914 1963 972 unius

217 1032 424 1072 earum
486 1008 774 1088 duplam?
865 1009 990 1068 Cur
1047 1021 1252 1068 autem
1310 1007 1428 1066 hoc
1487 1006 1714 1085 negat?
1804 1007 1967 1067 Quia

217 1126 507 1167 numerus
540 1114 618 1165 25
651 1104 892 1163 numeri
926 1113 959 1163 5
987 1114 1078 1163 est
1104 1102 1463 1182 quintuplus
1491 1125 1504 1160 ε
1554 1102 1786 1160 scilicet
1817 1102 1967 1160 obli-

216 1212 315 1264 tus
347 1200 728 1281 quaestionis,
761 1220 897 1279 quae
928 1219 1052 1258 non
1089 1197 1434 1257 instituitur
1479 1196 1555 1256 de
1586 1216 1839 1256 numero
1872 1196 1968 1255 vel

218 1295 644 1376 magnitudine
674 1294 879 1373 aliqua
909 1293 1208 1365 absoluta,
1243 1313 1379 1371 quae
1410 1292 1488 1352 sit
1519 1291 1768 1351 alterius
1794 1291 1969 1370 quin-

220 1393 412 1472 mpla,
444 1390 553 1450 sed
585 1390 660 1449 de
691 1389 929 1448 ratione
961 1409 1096 1468 quae
1128 1399 1219 1448 est
1252 1387 1611 1466 magnitudo
1654 1406 1971 1465 compara-

221 1488 387 1556 tiva;
433 1486 639 1564 itaque
668 1485 972 1544 rationem
1002 1484 1248 1543 unicam
1279 1492 1357 1544 25
1402 1483 1482 1542 ἃᾶ
1516 1490 1548 1542 5
1592 1482 1973 1562 computavit

223 1602 336 1662 pro
369 1581 638 1659 quinque
669 1579 1028 1638 rationibus,
1099 1578 1296 1637 Natus
1329 1588 1423 1637 est
1455 1597 1627 1636 error
1662 1576 1874 1649 Clavii,
1897 1596 1974 1635 ex

226 1697 298 1736 eo
329 1675 492 1756 quod
521 1674 704 1752 vulgo
736 1673 900 1752 apud
931 1673 1400 1733 mathematicos
1442 1673 1779 1732 vocabatur
1814 1672 1972 1731 ratio

230 1769 537 1850 quintupli
567 1769 646 1828 ad
676 1769 959 1847 simplum
1005 1768 1326 1847 quintupla
1366 1768 1543 1840 ratio,
1582 1776 1644 1826 et
1674 1767 1830 1826 ratio
1863 1766 1975 1826 du-

229 1866 315 1945 pli
375 1865 454 1924 ad
513 1863 798 1942 simplum
855 1863 949 1940 (ut
999 1863 1193 1923 Elem.
1244 1863 1326 1922 ix.
1379 1863 1559 1942 Prop.
1618 1862 1757 1939 ult.)
1814 1863 1975 1922 ratio

230 1960 433 2040 dupla,
479 1958 759 2037 imperite
814 1966 874 2017 et
917 1958 1096 2017 falso:
1144 1979 1287 2017 nam
1339 1959 1496 2018 ratio
1543 1965 1579 2018 2
1632 1957 1712 2016 ἃᾶ
1770 1964 1790 2016 l
1851 1977 1976 2016 non

231 2067 324 2115 est
394 2055 552 2114 ratio
628 2054 832 2133 dupla,
900 2054 1008 2113 sed
1073 2054 1309 2133 simpla,
1373 2073 1592 2132 nempe
1655 2052 1825 2132 dupli
1902 2051 1983 2111 ad

231 2150 535 2230 simplum.
625 2149 842 2228 Neque
873 2149 1202 2228 quicquam
1232 2149 1396 2208 valet
1429 2148 1593 2228 quod
1623 2147 1982 2207 illustratio-

230 2247 325 2305 nis
357 2265 539 2305 causa
584 2243 919 2323 subjungit,
967 2243 1482 2323 quemadmodum
1513 2244 1698 2303 etiam
1726 2262 1982 2322 propor-

231 2341 318 2400 tio
350 2340 598 2419 octupla
629 2338 815 2417 dupla
844 2348 937 2398 est
967 2338 1380 2418 proportionis
1412 2338 1804 2417 quadruplae:
1840 2358 1982 2397 cum

235 2444 442 2494 tamen
494 2434 851 2514 quadruplae
899 2434 1209 2513 duplicata
1258 2435 1336 2494 sit
1384 2433 1728 2513 sedecnpla,
1766 2443 1835 2493 ut
1879 2433 1982 2493 hic

236 2539 405 2608 patet
445 2536 788 2589 16-4-1,
877 2529 1141 2588 Difficile
1191 2537 1494 2607 conceptu
1544 2537 1637 2588 est
1672 2528 1981 2607 quomodo

239 2624 489 2702 octupla
517 2625 832 2703 proportio
859 2625 1054 2703 magis
1086 2625 1165 2684 sit
1189 2623 1545 2703 quadruplae
1569 2623 1773 2702 dupla,
1799 2644 1983 2704 quam

240 2718 611 2796 octuplicata
633 2718 711 2777 sit
730 2718 1210 2797 quadruplicatae
1232 2718 1560 2797 duplicata.
1609 2719 1756 2777 Esto
1777 2728 1982 2777 autem

242 2812 490 2890 octupla
517 2814 835 2891 proportio
868 2813 1228 2892 quadruplae
1267 2814 1473 2892 dupla.
1565 2812 1733 2874 Quid
1785 2813 1984 2891 sequi-

242 2905 389 2967 tur?
477 2906 720 2978 Nonne,
760 2908 1278 2986 quemadmodum
1329 2909 1394 2967 in
1441 2908 1535 2968 his
1587 2908 1857 2967 numeris
1911 2915 1983 2967 16

244 3002 512 3061 unitates
554 3001 756 3080 duplae
802 3012 946 3062 sunt
993 3014 1133 3063 octo
1180 3004 1525 3073 unitatum;
1571 3004 1660 3063 ita
1706 3002 1986 3063 sedecem

246 3096 515 3156 rationes
575 3095 790 3175 duplas
844 3117 974 3157 esse
1028 3109 1166 3158 octo
1213 3100 1563 3159 rationum:
1626 3107 1688 3158 et
1729 3096 1986 3177 proinde

249 3191 434 3250 etiam
482 3190 632 3249 duas
674 3191 960 3264 rationeS,
998 3200 1070 3252 16
1113 3193 1192 3252 ἃᾶ
1234 3202 1293 3265 4,
1326 3203 1390 3253 et
1434 3202 1469 3252 4
1512 3192 1592 3252 ad
1643 3200 1692 3263 l,
1739 3192 1984 3270 duplam

250 3305 380 3344 esse
410 3284 664 3343 rationis
701 3291 772 3344 16
805 3285 884 3344 ad
912 3294 973 3358 4,
1002 3287 1099 3345 vel
1128 3292 1166 3346 4
1208 3287 1288 3347 ad
1328 3295 1349 3347 l
1381 3314 1395 3356 ;
1442 3288 1507 3347 id
1536 3286 1699 3367 quod
1745 3285 1986 3345 Clavius

253 3380 738 3439 demonstratum
768 3379 958 3438 nollet
983 3378 1003 3437 ἓ

337 3477 669 3547 PostremO,
702 3475 996 3554 objiciens
1027 3477 1263 3556 quaerit,
1296 3478 1359 3537 in
1391 3478 1585 3538 tribus
1615 3475 1989 3555 magnitudi-

253 3571 433 3631 nibus
463 3569 815 3648 aequalibUS,
845 3569 942 3629 vel
986 3570 1051 3630 in
1081 3572 1275 3631 tribus
1321 3572 1653 3652 aequalibus
1701 3569 1988 3642 numeris,

257 3675 322 3726 ut
375 3672 513 3725 4.4.
540 3675 599 3738 4,
645 3674 829 3743 atque
875 3663 1029 3724 adeo
1078 3666 1365 3726 continue
1417 3663 1989 3744 proportionalibus,
