2462 4120
620 356 739 410 348
1076 372 1535 414 PROBLEMATA
1569 374 1885 417 PHYsch.

328 527 438 560 CAP.
457 528 525 561 v1.
616 527 839 586 aquam
869 510 1052 569 maris
1082 521 1144 570 et
1173 512 1492 570 fluminum
1522 514 1829 592 congelari
1860 513 2004 572 dixi.
2072 512 2340 572 Guttulae

260 636 316 670 De
333 636 595 682 p1uvia‚vent0‚
615 612 821 661 autem
852 603 937 662 sic
967 606 1302 683 congelatae
1333 614 1474 665 sunt
1502 606 1625 664 nix.

259 689 514 779 ffgigffigoefi
535 703 595 726 η·
699 696 780 755 A.
830 697 1152 758 Quomodo
1195 719 1339 777 ergo
1382 700 1781 776 congelantur
1823 709 2018 778 guttae
2063 700 2342 777 majoreS,

611 792 875 850 maxime
906 813 1049 852 vero
1080 803 1354 871 ternpore
1385 793 1616 865 aestivo,
1649 795 1712 852 in
1743 793 2144 872 grandinem?

698 884 777 943 B.
824 886 896 944 In
915 895 1124 945 aestate
1148 887 1408 945 maxime
1433 887 1734 964 contingit
1756 896 1825 945 ut
1846 888 2040 946 nubes
2059 892 2342 946 constent

612 997 686 1037 ex
726 980 1006 1038 maximis
1036 980 1245 1058 guttiS,
1276 989 1468 1055 utque
1499 981 1763 1039 maxima
1793 982 1971 1058 copia
1999 1001 2173 1059 aquae
2220 979 2340 1038 ele-

608 1083 806 1133 vetur.
867 1074 1082 1152 Itaque
1105 1074 1302 1151 spatio
1332 1074 1492 1132 inter
1522 1083 1751 1132 terram
1780 1083 1842 1133 et
1867 1075 2057 1133 nubes
2081 1073 2341 1133 arctiore

608 1166 790 1241 factO,
838 1177 1039 1227 motus
1087 1168 1242 1226 aeris
1290 1176 1463 1226 tanto
1521 1168 1590 1227 fit
1633 1167 1935 1227 velocior:
1981 1176 2042 1226 et
2085 1166 2341 1245 proinde
2432 1205 2440 1222 ι

606 1271 816 1339 guttas
862 1262 995 1320 illas
1044 1260 1328 1339 congelat
1366 1281 1490 1319 non
1534 1261 1600 1319 in
1641 1261 1788 1338 ipsis
1834 1261 2116 1332 nubibuS,
2155 1259 2264 1319 sed
2304 1280 2342 1319 a

606 1356 870 1415 nubibus
891 1355 1196 1415 cadentes,
1258 1354 1390 1414 Nec
1414 1364 1620 1414 tamen
1638 1362 1801 1413 totas
1822 1354 2123 1433 congelat,
2151 1353 2343 1432 (quod.

609 1449 867 1509 cadendi
899 1450 1184 1527 exiguum
1217 1459 1458 1528 tempus
1506 1467 1629 1507 non
1673 1447 1956 1527 patitur),
1989 1446 2097 1506 sed
2134 1446 2198 1505 in
2242 1466 2341 1506 su-

606 1544 854 1622 perficie
896 1552 1172 1603 tantum:
1235 1553 1303 1602 ut
1349 1543 1741 1602 manifestum
1785 1552 1896 1614 est,
1941 1561 2016 1600 ex
2060 1560 2132 1600 eo
2176 1540 2342 1619 quod

608 1638 800 1698 multo
833 1658 1014 1714 quam
1043 1638 1268 1716 glacies
1299 1648 1407 1697 aut
1435 1638 1540 1696 nix
1570 1638 1749 1696 citius
1778 1636 2116 1714 liquefiunt.

694 1732 774 1791 A.
822 1732 945 1791 Cur
974 1752 1097 1791 non
1121 1732 1448 1810 aliquando
1471 1732 1686 1804 nubeS,
1708 1731 1893 1790 etiam
1917 1730 2175 1809 integrae
2192 1749 2341 1808 gra-

608 1826 904 1904 vidaeque,
956 1828 1361 1906 congelantur
1417 1827 1481 1886 in
1539 1846 1726 1885 unam
1781 1845 2069 1904 magnam
2124 1824 2341 1903 glaciei

610 1921 831 1979 molem
857 1920 877 1978 ἒ

691 2014 768 2074 Β.
816 2015 930 2088 Ita,
963 2014 1166 2087 cred0,
1198 2014 1599 2092 congelantur
1629 2013 1866 2093 quoties
1895 2021 2088 2072 tonat.

692 2110 775 2168 A.
823 2108 944 2168 Sed
976 2128 1162 2187 quare
1193 2109 1281 2167 ita
1311 2108 1554 2167 credis?

692 2204 775 2262 B.
819 2203 1079 2281 Propter
1127 2203 1326 2281 ipsum
1379 2222 1615 2275 sonum,
1662 2201 1766 2279 qui
1814 2201 2059 2280 proprie
2091 2199 2344 2280 fragor

611 2298 835 2357 dicitur
861 2321 875 2356 ε
922 2317 1137 2356 sonum
1167 2297 1325 2370 dico,
1357 2297 1596 2375 qualem
1627 2295 1812 2354 efficit
1843 2295 2102 2354 duorum
2126 2312 2342 2372 corpo-

610 2413 747 2450 rum
778 2391 1100 2451 diffractiO.
1188 2391 1311 2452 Qui
1338 2391 1544 2468 fragor
1568 2389 1871 2468 quomodo
1894 2389 2026 2447 fieri
2055 2388 2247 2467 possit
2275 2387 2340 2446 in

611 2506 868 2565 corpore
896 2506 1022 2545 non
1054 2485 1225 2558 dur0,
1256 2486 1600 2564 intelligere
1630 2504 1753 2542 non
1783 2503 2049 2562 possum.

694 2581 777 2640 A.
822 2581 972 2652 Imo,
993 2579 1190 2658 pulvis
1219 2579 1319 2639 ille
1350 2599 1531 2658 quem
1562 2579 1870 2657 appellant
1899 2597 2115 2636 aurum
2135 2575 2339 2634 fulmi-

608 2694 780 2747 nanS,
811 2673 1008 2733 mollis
1039 2682 1150 2732 est.
1239 2674 1528 2732 Attamen
1569 2673 1619 2732 si
1664 2671 2043 2750 aequabiliter
2083 2670 2339 2743 calefiat,

608 2769 914 2847 fragorem
944 2767 1069 2827 edit
1093 2767 1347 2826 similem
1371 2767 1648 2826 tonitrui.

696 2863 775 2923 B.
824 2862 945 2922 Sed
974 2861 1293 2940 pulvisculi
1321 2861 1481 2920 illius
1503 2861 1818 2940 particulae
1848 2858 2104 2938 singulae
2125 2876 2235 2937 per
2256 2876 2338 2930 se,

609 2976 718 3015 cur
745 2977 870 3015 non
899 2963 1154 3034 possunt
1183 2974 1312 3013 esse
1344 2954 1530 3026 durae,
1555 2954 1670 3013 etsi
1699 2962 1866 3012 totus
1891 2952 2165 3012 cumulus
2187 2949 2341 3010 mol-

607 3050 681 3108 lis
726 3049 838 3109 sit:
885 3047 1398 3127 quemadmodum
1437 3068 1639 3107 arenae
1684 3066 1935 3106 acervus
1981 3045 2180 3105 mollis
2227 3052 2338 3115 est,

609 3164 952 3222 quanquam
983 3163 1241 3221 granum
1274 3144 1402 3221 ejus
1432 3140 1910 3220 unumquodque
1941 3140 2160 3198 durum
2202 3137 2336 3197 est?

609 3238 776 3297 Sales
807 3237 1076 3296 omnium
1107 3256 1401 3315 generum
1432 3236 1655 3295 similes
1688 3243 1830 3294 sunt
1859 3233 2096 3312 glaciei,
2128 3241 2188 3292 et
2216 3232 2338 3291 fra-

608 3332 759 3409 giles
789 3341 856 3390 ut
897 3331 1140 3410 glacies.
1227 3331 1428 3389 Etiam
1474 3339 1544 3388 ut
1581 3331 1690 3388 fiat
1735 3349 1948 3387 aurum
1988 3327 2335 3398 fulminans,

611 3426 957 3485 dissolvitur
987 3444 1201 3483 aurum
1233 3445 1347 3502 ope
1387 3424 1534 3482 nitri
1580 3432 1639 3482 et
1681 3423 1891 3482 salium
1935 3422 2231 3480 aliorum:
2277 3429 2337 3478 et

610 3540 869 3598 granum
898 3518 1376 3596 unumquodque
1407 3517 1540 3576 auri
1562 3516 1940 3576 fulminantis
1963 3534 2073 3593 per
2092 3533 2174 3585 se,
2195 3513 2244 3572 si
2272 3512 2336 3571 in

611 3615 817 3692 ignem
864 3613 1191 3692 injiciatur,
1239 3613 1520 3691 crepitat,
1562 3611 1627 3670 id
1668 3622 1780 3684 est,
1820 3609 2079 3688 fragoris
2120 3626 2336 3668 sonum
