2462 4120
566 280 648 333 60
930 291 1378 360 ΕΧΑΜῙΝΑᾎΤΙΟ
1413 297 1498 339 ΕΤ
1529 297 1944 341 ΕΜΕΝΒΑΤΙΟ

252 451 501 483 mALocus
645 429 726 490 A.
771 431 1090 510 Tempora,
1143 442 1363 508 motuS‚
1414 435 1687 513 pondera
1735 436 1992 515 aequalia
2041 437 2293 496 seorsim

257 574 262 584 ,
353 519 405 550 Π·
485 574 493 584 ,
563 523 909 584 definienda
937 534 1078 586 sunt
1105 547 1179 586 ea
1210 548 1346 586 esse
1376 549 1628 608 qnorum
1659 550 1975 604 mensurae,
2006 530 2134 590 sive
2163 551 2294 589 eor-

547 636 722 695 pora
753 618 958 697 quibus
987 630 1437 695 mensurantur,
1468 623 1733 701 aequales
1757 613 1917 685 sunt.

641 711 722 772 B.
768 713 1059 773 Nondum
1083 715 1373 774 definiisti
1401 716 1548 794 quid
1579 718 1658 776 sit
1686 727 1882 792 ἀκριβῶς
1911 718 2074 778 linea
2101 727 2292 778 recta.

645 806 726 866 A.
769 806 968 867 Recta
1008 808 1175 868 linea
1217 830 1293 868 ea
1333 817 1445 883 est,
1489 832 1619 889 qnoe
1646 832 1774 891 per
1805 819 1990 870 totam
2027 813 2186 872 viam
2213 811 2294 871 ab

561 920 676 958 nno
707 902 963 961 termino
993 903 1081 962 ad
1105 903 1365 963 alterum
1394 905 1709 983 aequaliter
1737 905 1934 965 distat
1969 927 2009 966 a
2039 907 2293 987 quibus-

558 991 707 1053 libet
734 994 933 1070 ZineiS,
968 996 1265 1056 similibus
1296 1006 1357 1056 et
1387 997 1724 1076 oequalibns
1754 999 1920 1058 inter
1949 1019 2034 1073 se,
2073 1009 2136 1060 et
2163 1021 2293 1060 eos-

559 1087 692 1148 dem
721 1088 1079 1149 habentibus
1109 1091 1418 1150 terminos,

645 1182 725 1242 Β.
772 1184 1076 1262 IntelligO.
1183 1184 1283 1243 Sic
1333 1185 1462 1243 axis
1511 1193 1689 1244 terrae
1741 1186 1904 1246 linea
1955 1195 2048 1247 est
2102 1196 2287 1263 recta,

557 1286 883 1356 propterea
913 1277 1075 1356 quod
1114 1278 1427 1356 aequaliter
1475 1278 1663 1338 distat
1696 1299 1806 1358 per
1836 1290 2034 1341 totam
2062 1280 2224 1340 viam
2254 1301 2292 1340 a

559 1371 1064 1431 circumferentiis
1095 1371 1356 1430 duorum
1385 1372 1727 1451 pluriumve
1767 1373 2133 1434 circulorum
2162 1394 2293 1434 me-

558 1465 954 1526 ridianorum.

643 1560 723 1619 A.
773 1559 891 1619 Sed
921 1580 1119 1640 neque
1149 1560 1423 1621 definitio
1463 1561 1596 1621 haec
1630 1562 1891 1640 intelligi
1919 1571 2138 1641 potest,
2172 1562 2292 1622 nisi

557 1655 634 1714 ab
664 1655 736 1713 iis
767 1655 871 1733 qui
901 1655 1251 1733 intelligunt
1274 1675 1552 1734 quaenam
1581 1656 1758 1715 lineae
1789 1656 2012 1716 similes
2041 1657 2138 1716 vel
2168 1656 2290 1716 dis-

558 1749 780 1807 similes
828 1748 1101 1808 dicendae
1150 1758 1311 1808 sunt.
1399 1749 1613 1828 Itaque
1662 1750 1996 1809 rectissime
2046 1750 2290 1812 fecisset

557 1841 860 1914 Euclides,
893 1842 943 1901 si
971 1842 1195 1901 lineam
1226 1862 1472 1901 curvam
1501 1842 1669 1921 prius
1701 1842 2029 1903 definisset.

643 1935 724 1994 B.
773 1935 939 1996 Quid
968 1944 1060 1995 est
1087 1935 1247 1994 linea
1277 1956 1461 1995 curva
1486 1935 1506 1994 ?

642 2029 723 2088 A.
767 2029 971 2088 Linea
1001 2050 1186 2088 curva
1217 2037 1310 2088 est
1339 2031 1511 2108 enjus
1542 2029 1802 2104 termini,
1839 2029 2019 2089 salva
2048 2031 2294 2111 quanti-

559 2131 707 2195 tate,
741 2123 954 2183 diduci
971 2131 1259 2202 possunt.

643 2217 724 2276 B.
769 2218 931 2276 Nam
960 2217 1063 2295 qui
1091 2216 1319 2295 aliquid
1348 2235 1603 2276 curvum
1631 2216 1798 2290 facit,
1842 2217 1941 2277 vel
1985 2236 2061 2276 ex
2102 2236 2290 2277 curvo

555 2312 749 2390 magis
779 2331 1050 2384 curvum,
1074 2311 1366 2370 terminos
1398 2313 1527 2390 ejus
1554 2311 1824 2371 adducit.
1902 2312 1940 2371 J
1943 2332 2042 2371 am
2064 2311 2290 2371 lineam

556 2418 785 2466 rectam
832 2415 1077 2485 egomet
1123 2406 1407 2465 definiam
1451 2426 1584 2465 eam
1630 2426 1784 2479 esse,
1830 2407 2002 2483 enjus
2045 2405 2293 2464 termini

558 2501 771 2561 diduci
799 2522 915 2560 non
931 2508 1218 2581 possunt.
1305 2501 1595 2560 Definitio
1630 2500 1843 2579 quinta
1876 2509 1986 2572 est,
2029 2501 2290 2579 superfi-

555 2596 683 2655 cies
725 2604 822 2655 est
861 2616 997 2675 quse
1038 2593 1481 2674 longitudinem
1516 2593 2028 2673 latitudinemque
2057 2601 2292 2653 tantum

556 2689 758 2749 habet.

641 2784 724 2843 A.
810 2782 984 2842 Bona
1013 2790 1124 2841 est.
1214 2781 1418 2853 Sexta,
1465 2780 1820 2860 superficiei
1866 2778 2114 2839 termini
2151 2787 2293 2839 sunt

556 2875 755 2952 lineae,
800 2876 1009 2938 similis
1049 2885 1142 2935 est
1183 2875 1403 2946 tertiae,
1448 2894 1562 2933 nec
1593 2874 1886 2947 definitio,
1935 2874 2043 2933 sed
2071 2893 2288 2952 propo-

556 2973 716 3046 sitio,
748 2992 867 3050 qua
896 2970 1273 3049 significatur
1293 2969 1484 3027 lineas
1509 2988 1632 3027 non
1662 2987 1793 3027 esse
1819 2967 2290 3027 considerandas

554 3077 627 3127 ut
679 3077 850 3127 extra
901 3065 1284 3144 superficiem
1335 3063 1714 3135 terminataS‚
1769 3062 1878 3122 sed
1923 3062 1986 3121 in
2024 3062 2176 3141 ipsa,
2217 3069 2292 3120 ut

554 3171 787 3241 puncta
813 3162 878 3220 in
906 3161 1068 3219 linea
1097 3179 1278 3237 quam
1307 3156 1657 3216 terminant.

643 3256 723 3316 B.
770 3255 938 3317 Quid
977 3263 1071 3313 est
1106 3252 1453 3331 superficies
1482 3250 1710 3329 plana?
1798 3250 1960 3309 Nam
1991 3247 2287 3321 definitio,

556 3371 690 3430 quae
728 3350 992 3410 traditur
1023 3349 1098 3407 ab
1129 3345 1400 3416 Euclide,
1445 3344 1659 3404 eodem
1696 3344 1936 3403 laborat
1975 3343 2125 3402 vitio
2167 3361 2291 3420 quo

556 3453 790 3524 quarta.
863 3442 1022 3503 Illud
1044 3441 1225 3514 enim,
1249 3461 1327 3500 ea:
1349 3460 1522 3518 oequo
1543 3458 1689 3497 suas
1715 3437 2043 3516 interjacet
2064 3435 2284 3508 lineae,

557 3559 680 3599 non
709 3549 801 3600 est
829 3535 1231 3616 intelligibile.
1316 3534 1520 3595 Defini
1560 3553 1704 3612 ergo
1747 3532 2127 3611 superficiem
2155 3528 2284 3608 pla-

556 3653 716 3695 Ham.
