2462 4120
274 507 548 541 APPENDIX.

301 565 524 592 -Ὑ-κ

599 332 721 397 478
1275 350 1363 392 DE
1405 353 1653 394 Munus

599 494 662 543 et
691 484 1046 546 altitudines
1077 488 1552 567 reciprocantur.
1629 490 1834 550 Quare
1869 488 2003 568 (per
2031 510 2205 570 prop.
2227 499 2325 565 34,

597 579 790 638 Elem.
822 580 910 656 xi)
947 581 1063 640 erit
1093 583 1286 642 cubus
1317 604 1354 643 a
1375 584 1502 643 DM
1539 585 1755 659 (cubus
1777 595 1980 643 autem
2013 593 2102 644 est
2136 587 2330 663 paral-

596 672 1016 751 lelipipedum)
1074 676 1321 753 aequalis
1371 677 1887 755 pa1·allelipiped0‚
1939 679 2110 756 cujus
2167 680 2327 739 basis

597 776 690 825 est
747 768 990 844 aequalis
1049 769 1345 847 quadrato
1398 771 1590 843 DEIA,
1651 771 1911 830 altitudo
1969 772 2218 850 aequalis
2265 772 2329 832 ln

595 859 720 919 sive
751 860 886 921 AD.

680 955 801 1014 Sed
832 956 1192 1034 quadratum
1222 957 1403 1016 DEch
1445 958 1675 1036 aequale
1707 966 1799 1020 est
1826 959 2184 1037 rectangulo
2216 960 2326 1018 sub

592 1049 728 1122 AD,
755 1051 884 1124 DV,
917 1051 982 1109 id
1011 1061 1123 1124 est,
1160 1052 1521 1129 rectangulo
1553 1052 1718 1111 MR:
1764 1053 2327 1132 parallelipipedum

591 1154 798 1204 autem
829 1146 938 1205 sub
969 1146 1327 1224 rectangulo
1359 1146 1488 1204 MR
1519 1146 1770 1205 ductum
1800 1147 1864 1205 in
1887 1147 2001 1207 OR
2030 1147 2326 1225 aequalem

590 1239 725 1311 AD,
759 1249 851 1298 est
898 1239 1216 1298 dimidium
1257 1240 1398 1299 cubi
1450 1240 1638 1299 totius
1668 1259 1704 1298 a
1731 1239 1922 1299 latere
1951 1238 2090 1310 AD,
2119 1241 2185 1299 id
2213 1250 2324 1312 est,

590 1333 818 1411 aequale
867 1343 1131 1412 quatuor
1174 1334 1344 1392 cubis
1383 1353 1419 1392 a
1456 1333 1651 1392 latere
1677 1333 1808 1393 DV.
1896 1334 2110 1412 Itaque
2155 1344 2328 1393 recta

589 1427 719 1486 DM
766 1438 858 1486 est
908 1426 1246 1485 mediarum
1292 1426 1549 1486 duarum
1587 1427 1748 1485 inter
1788 1426 1921 1500 AD,
1962 1426 2075 1486 DV
2111 1429 2324 1506 major,

589 1534 705 1582 etc.
801 1523 984 1584 Quod
1015 1532 1145 1582 erat
1176 1523 1741 1583 demonstrandum.

673 1618 1008 1678 Ostendam
1049 1619 1177 1696 jam
1229 1628 1460 1677 rectam
1503 1618 1614 1677 DO
1661 1618 1972 1677 semissem
2015 1638 2146 1678 esse
2189 1627 2326 1678 tan-

588 1713 791 1790 gentis
844 1719 922 1771 30
953 1711 1273 1790 graduum.
1365 1713 1545 1771 Secet
1587 1712 1698 1771 Ro
1747 1722 1979 1772 rectam
2021 1712 2114 1771 Ek
2147 1713 2212 1771 in
2246 1733 2322 1790 y;

588 1807 824 1884 eritque
856 1806 952 1885 Oy
977 1806 1142 1864 sinus
1165 1814 1243 1865 45
1276 1806 1596 1884 graduum.
1670 1807 1882 1885 Itaque
1910 1814 2168 1886 utraque
2197 1827 2326 1866 rec-

587 1910 786 1959 tarum
820 1899 940 1978 Ay,
969 1900 1065 1958 ch
1094 1901 1345 1977 aequalis
1377 1902 1493 1960 erit
1523 1899 1657 1972 AB,
1689 1901 1973 1960 videlicet
2016 1901 2195 1960 lateri
2231 1910 2323 1961 to-

587 1995 706 2054 tius
766 1995 1049 2074 quadrati
1099 1993 1345 2056 ABCD.
1444 1996 1721 2055 Circulus
1778 2015 1924 2075 ergo
1982 1995 2325 2075 descriptus

587 2090 760 2148 radio
792 2087 900 2149 DC
932 2089 1218 2148 transibit
1246 2110 1356 2168 per
1385 2090 1442 2163 lc,
1475 2099 1536 2150 et
1566 2090 1828 2149 circulus
1862 2089 2198 2168 descriptus
2228 2110 2325 2149 ra-

588 2185 690 2245 dio
723 2184 835 2244 AB
867 2186 1155 2245 transibit
1183 2206 1294 2264 per
1322 2208 1380 2265 y.

671 2279 731 2338 A
779 2290 1011 2358 puncto
1062 2302 1102 2358 y
1154 2281 1425 2359 erigatur
1472 2289 1641 2339 recta
1685 2301 1760 2359 ya
1805 2278 2325 2358 perpendicularis

585 2374 701 2452 ipsi
731 2372 851 2451 Ay,
883 2393 1095 2432 secans
1126 2372 1228 2433 BC
1259 2374 1324 2432 in
1353 2408 1402 2446 α,
1435 2373 1931 2451 producaturque
1957 2394 2030 2452 ay
2058 2372 2136 2432 ad
2164 2373 2323 2432 latus

589 2465 696 2528 CD
727 2468 792 2526 in
821 2489 872 2526 z.
960 2467 1095 2526 Erit
1120 2487 1280 2546 ergo
1327 2467 1701 2545 triangulum
1742 2467 1855 2530 Caz
1894 2467 2322 2544 aeqnicmrum,

585 2571 648 2621 et
677 2561 886 2640 anguli
918 2562 1046 2639 ejus
1081 2561 1160 2620 ad
1189 2592 1218 2617 α
1250 2570 1311 2621 et
1342 2582 1372 2619 z
1404 2561 1728 2620 semirecti.
1816 2561 2197 2620 Producatur
2234 2579 2323 2640 gr

585 2663 655 2715 ut
685 2664 850 2714 secet
879 2674 1088 2713 arcum
1120 2654 1208 2713 Gk
1234 2654 1300 2712 in
1326 2661 1382 2726 β,
1408 2654 1643 2733 eritque
1674 2654 1933 2732 angulus
1965 2648 2110 2714 DCss
2139 2654 2324 2712 tertia

584 2769 726 2828 pars
767 2747 940 2807 recti.
1031 2748 1237 2808 Quare
1283 2748 1586 2826 producta
1615 2748 1707 2818 Dc
1736 2748 1920 2807 faciet
1960 2767 2100 2806 cum
2129 2747 2322 2807 latere

587 2842 689 2905 CB
721 2843 1013 2922 angulum
1045 2842 1341 2920 aequalem
1372 2842 1605 2901 duabus
1639 2842 1836 2901 tertiis
1866 2841 2038 2901 recti.

671 2938 978 3003 Quoniam
1025 2947 1232 2996 autem
1274 2937 1531 3015 angulus
1576 2937 1706 3015 Rya
1736 2945 1828 2995 est
1857 2935 2229 3007 semirectUS,
2261 2941 2323 2994 et

586 3032 844 3111 angulus
877 3029 1022 3100 CDss
1052 3032 1235 3090 tertia
1272 3051 1413 3110 pars
1457 3031 1630 3103 recti,
1676 3030 1861 3090 faciet
1892 3029 1987 3099 Dss
2016 3028 2320 3108 producta

586 3147 727 3187 cum
750 3148 834 3206 ya
863 3127 1153 3206 angulum
1183 3125 1392 3204 anguli
1421 3125 1576 3185 recti
1605 3133 1842 3204 partem
1873 3133 2126 3182 sextam.
2200 3121 2322 3182 Sed

586 3222 844 3300 angulus
875 3222 1030 3300 Ray,
1061 3221 1165 3300 qui
1216 3221 1400 3279 etiam
1446 3229 1540 3278 est
1591 3219 1965 3286 semirectuS,
2007 3236 2132 3275 una
2181 3235 2320 3274 cum

587 3326 761 3375 sexta
800 3324 974 3395 parte
1019 3315 1172 3374 recti
1212 3314 1396 3373 faciet
1427 3313 1576 3372 duas
1607 3314 1819 3372 tertias
1850 3310 2024 3370 recti.
2114 3310 2319 3370 Quare

581 3411 799 3487 juncta
829 3412 923 3481 'affl
968 3418 1030 3470 et
1079 3406 1381 3488 producta
1429 3407 1660 3467 incidet
1709 3407 1774 3466 in
1825 3404 1902 3464 D.
2005 3405 2114 3463 Est
2171 3423 2318 3481 ergo

590 3504 679 3564 Ca
706 3513 965 3584 tangens
994 3502 1203 3582 anguli
1234 3508 1312 3563 30
1341 3502 1663 3581 graduum,
1690 3509 1751 3560 et
1780 3499 1921 3560 huic
1946 3497 2192 3578 aequalis
2212 3497 2316 3556 Cz.
