2462 4120
237 554 484 590 DIALOGUS

339 625 371 658 1.

239 682 472 711 x-—e-—d

542 383 620 436 22
900 394 1346 439 EXAMINATlo
1380 398 1463 439 ET
1495 398 1902 441 EMENDATIO

623 533 704 593 A.
752 534 959 594 Recte.
1043 536 1164 596 Sed
1193 537 1450 598 discedis
1472 539 1600 616 jam
1629 558 1665 597 a
1692 538 1879 598 libris.

622 628 704 687 B.
751 628 1027 689 Quidni?

623 721 704 782 A.
751 722 1151 784 Procedamus
1174 724 1253 784 ad
1274 725 1878 806 alia.——Quamquam
1901 733 2105 785 autem
2127 725 2256 785 hoee

541 816 740 875 omnia
770 816 833 876 in
867 817 1217 898 disciplinis
1255 819 1692 878 mathematicis
1736 827 2096 893 tractentur,
2142 841 2257 878 non

543 917 744 970 tamen
761 931 888 991 per
915 932 984 971 se
1012 921 1074 972 et
1091 913 1415 992 primaria,
1446 914 1562 973 sed
1586 921 1881 993 quatenus
1902 913 2002 973 vel
2024 934 2258 973 mensu-

543 1012 763 1063 rantur
790 1005 891 1064 vel
913 1014 1330 1065 numerantur.

623 1098 704 1157 B.
770 1098 865 1157 Ne
914 1099 1063 1158 mihi
1135 1099 1378 1177 quidem
1428 1099 1546 1158 hoc
1602 1100 1801 1178 placet
1832 1126 1847 1168 ;
1932 1109 2258 1179 propterea

542 1192 705 1271 quod
726 1192 1120 1272 geometriam
1137 1193 1263 1271 ipse
1287 1193 1499 1252 definit
1519 1193 1768 1252 inferius
1793 1193 2108 1252 scientiam
2129 1212 2257 1252 esse

540 1286 997 1365 magnitudiniS,
1028 1294 1323 1363 quatenus
1370 1298 1464 1347 est
1509 1287 1947 1360 mensurabilis,
1980 1296 2042 1346 et
2070 1286 2258 1347 arith-

540 1380 822 1439 meticam
853 1380 1165 1439 scientiam
1195 1400 1324 1440 esse
1353 1382 1609 1454 numeri,
1643 1389 1939 1460 quatenus
1977 1400 2258 1440 numera-

539 1473 696 1533 bilis.
788 1474 1001 1552 Itaque
1033 1475 1388 1552 magnitudo
1420 1486 1482 1535 et
1527 1495 1816 1535 numerus
1858 1495 1980 1535 non
2009 1475 2259 1534 meliore

531 1568 690 1645 jure,
722 1588 796 1627 ex
838 1568 997 1627 illius
1039 1570 1361 1643 sententia,
1415 1571 1786 1649 quantitates
1829 1579 1973 1630 sunt
2016 1568 2259 1648 proprie

539 1662 737 1734 dictae,
759 1682 939 1740 quam
967 1662 1086 1722 illae
1115 1664 1322 1723 alterae
1351 1664 1538 1738 locuS,
1569 1673 1827 1743 tempUS,
1857 1671 2079 1736 motuS,
2111 1673 2229 1722 etc.

621 1756 703 1815 A.
748 1755 932 1815 Vides
973 1776 1118 1835 ergo
1159 1758 1586 1817 necessitatem
1633 1758 1795 1817 circa
1841 1757 2124 1817 scientias
2165 1757 2256 1817 10-

538 1849 761 1928 quendi
789 1851 1013 1928 ubique
1043 1864 1252 1930 ἀκριβῶς.
1340 1852 1501 1911 Nam
1540 1852 1644 1930 qui
1687 1851 1774 1911 ita
1814 1871 1939 1910 non
1975 1851 2254 1924 fecerint,

536 1944 707 2003 obliti
753 1963 961 2003 eorum
992 1964 1126 2023 quae
1156 1945 1543 2024 scripserant,
1572 1965 1770 2024 neque
1811 1945 2103 2004 habentes
2141 1945 2257 2024 ipsi

534 2037 701 2096 ideas
753 2057 974 2111 rerum,
1023 2047 1318 2117 cogentur
1368 2039 1754 2117 sibimetipsis
1801 2039 2062 2117 turpiter
2111 2059 2256 2099 con-

536 2132 853 2191 tradicere.

617 2224 694 2284 B.
740 2225 835 2284 Da
865 2245 1066 2303 quaeso
1117 2226 1403 2300 scientiae,
1451 2247 1630 2306 quam
1670 2227 1979 2306 appellant
2022 2226 2256 2287 mathe-

535 2320 840 2391 maticam,
873 2319 1288 2379 definitionem
1317 2321 1580 2400 aliquam
1609 2330 1975 2380 accuratam.

619 2413 699 2473 A.
745 2415 894 2473 Mox
964 2414 1201 2474 faciam.
1309 2415 1610 2494 Legamus
1667 2415 1903 2474 interea
1957 2414 2256 2473 rationem

534 2507 720 2586 ipsius
767 2508 1029 2567 nominis
1075 2508 1517 2568 mathematicae
1569 2508 1732 2588 apud
1766 2508 2146 2575 Wallisium3
2191 2514 2256 2566 et

536 2622 721 2680 quare
744 2602 983 2660 videtur
1018 2602 1106 2660 illi
1128 2603 1477 2680 impositum
1507 2623 1635 2663 esse
1659 2603 1799 2663 solis
1822 2600 2170 2681 geometriae
2193 2609 2256 2660 et

534 2696 1110 2756 arithmeticae—Si
1153 2696 1227 2755 de
1266 2698 1712 2758 Mathematum
1739 2698 1867 2756 sive
1896 2694 2255 2755 Matheseos

533 2791 770 2850 nomine
816 2798 1159 2870 quaeratur,
1212 2812 1322 2850 eur
1371 2793 1490 2851 hae
1535 2791 1954 2872 appellatione
1995 2788 2252 2868 insigni-

535 2893 718 2943 antur
747 2884 875 2944 illoe
898 2884 1247 2963 disciplinoe
1265 2908 1288 2952 ;
1332 2886 1469 2946 ideo
1476 2887 1774 2967 fortasse
1778 2884 1942 2965 fuit,
1972 2882 2255 2963 quoniam

534 2979 901 3037 mathemata
936 2967 1110 3057 apud
1152 2979 1367 3038 multos
1405 2981 1646 3060 quidem
1687 2979 1841 3052 sola,
1882 2977 2057 3058 apud
2096 2974 2254 3035 alios

536 3073 923 3152 antiquorum
940 3072 1150 3153 primo
1176 3082 1315 3132 ante
1344 3075 1512 3134 alias
1537 3074 1908 3156 disciplinas
1938 3073 2068 3132 loco
2091 3070 2254 3130 edis-

536 3165 821 3225 cebantur
839 3189 863 3235 ‚·
902 3166 1192 3244 adeoque,
1243 3181 1331 3225 κατ’
1357 3178 1532 3242 ἐξοχὴν,
1565 3177 1820 3243 μαθήματα
1865 3167 2050 3240 dicta,
2110 3163 2254 3244 quia

533 3260 1274 3338 wpwroftfflnra.—-Quoniam
1295 3261 1425 3319 haec
1455 3261 1541 3320 ait
1546 3261 1844 3340 sortasse
1863 3262 1954 3320 ita
1973 3280 2124 3331 esse,
2142 3276 2254 3317 nos

534 3372 773 3431 quoque
793 3353 1089 3432 fortasse
1117 3353 1295 3412 aliter
1324 3373 1453 3412 esse
1477 3374 1601 3413 non
1629 3356 1828 3414 minus
1857 3352 2255 3432 probabiliter

533 3448 830 3507 affirmare
847 3467 1186 3527 possumus.
1241 3447 1520 3506 Fortasse
1541 3468 1685 3526 ergo
1703 3449 1838 3522 fuit,
1850 3447 2013 3528 quod
2029 3446 2251 3507 veritas

532 3542 976 3602 theorematum
997 3541 1159 3601 circa
1175 3540 1623 3618 magnitudines
1634 3551 1871 3603 tantum
1891 3551 1952 3602 et
1969 3558 2251 3601 numeros

532 3636 865 3715 antiquitus
896 3636 1246 3706 docebatur,
1290 3643 1350 3694 et
1385 3646 1708 3714 propterea
1736 3658 1772 3698 a
1798 3635 2104 3715 magistris
2133 3634 2251 3694 dis·
