2462 4120
594 323 712 375 224
957 335 1394 379 EXAMlNA'rIo
1427 339 1510 380 ET
1542 339 1944 382 EMENDATIO

278 490 530 523 DIALOGUS
593 450 1108 512 semicirculorum
1142 454 1404 532 quidem,
1436 465 1497 513 et
1531 455 1957 533 quadrantum,
1979 463 2039 514 et
2061 455 2315 516 aliorum

376 558 442 589 VI·
592 553 891 603 sectorum
940 558 1149 606 centra
1190 549 1508 626 gravitatis
1554 569 1942 627 cognoscere,
1987 549 2315 608 utilitatem

593 637 861 716 aliquam
907 641 1091 701 habet
1121 642 1197 700 ad
1226 662 1448 719 magna
1477 643 1749 716 aedificia,
1780 652 2106 721 propterea
2153 643 2316 720 quod

591 750 737 790 saxa
765 733 1022 810 grandia
1051 735 1188 793 talis
1217 734 1448 805 formae,
1479 755 1745 812 appensa
1782 756 1817 794 a
1847 736 2070 795 centris
2115 737 2315 814 gravi-

590 832 785 884 tatum
815 846 1078 898 suarum,
1111 829 1332 886 elevari
1361 828 1424 885 in
1455 828 1645 886 altum
1676 838 1927 906 possunt
1965 829 2314 889 horizonta-

589 919 746 994 liter,
796 932 858 981 et
900 923 1154 1001 proinde
1195 932 1336 1000 apte
1388 922 1709 991 collocari;
1756 924 1918 1001 quod
1967 925 2143 984 aliter
2179 924 2315 984 fieri

593 1033 723 1073 non
742 1025 961 1094 potest,
995 1017 1122 1076 sine
1147 1016 1340 1074 multo
1364 1015 1590 1087 labore,
1615 1028 1799 1094 atque
1824 1018 2007 1076 etiam
2044 1018 2313 1096 periculo

589 1128 685 1180 ne,
719 1109 861 1168 dum
892 1111 1163 1168 vectibus
1195 1109 1693 1186 detorqueantur,
1726 1110 2171 1188 diffringantur.

670 1202 749 1262 B.
797 1204 1045 1283 Redigis
1076 1204 1223 1262 mihi
1252 1203 1316 1261 in
1346 1203 1700 1262 memoriam
1728 1204 1996 1262 fabulam
2020 1205 2212 1283 vulpis
2251 1215 2314 1266 et

587 1298 832 1356 racemi.

668 1391 748 1451 A.
795 1391 988 1450 Irride
1037 1399 1332 1469 quantum
1370 1390 1635 1450 libuerit.
1727 1390 1860 1469 Ego
1911 1391 2042 1450 haec
2099 1392 2314 1452 nihilo-

585 1484 785 1543 minus
825 1485 1162 1561 relinquam
1192 1484 1308 1542 illis
1333 1484 1550 1562 quibus
1581 1485 1821 1562 longius
1866 1494 2142 1562 speratur
2163 1497 2314 1546 tem-

582 1598 697 1657 pus
755 1578 1016 1637 vivendi.
1153 1577 1352 1636 Credo
1414 1588 1476 1636 te
1534 1578 1637 1655 qui
1697 1578 2312 1640 demonstrationibus

582 1673 853 1750 legendis
885 1673 1155 1730 animum
1186 1672 1406 1730 acriter
1435 1672 1754 1731 intendere
1797 1673 2007 1733 solitus
2039 1694 2121 1747 eS,
2164 1675 2311 1734 satis

577 1767 705 1844 jam
738 1766 986 1825 tandem
1012 1765 1412 1843 defatigatum
1445 1785 1590 1824 esse.

670 1861 750 1919 B.
796 1861 926 1938 Ego
956 1879 1100 1918 vero
1125 1859 1392 1918 minime.
1457 1859 1743 1918 Delector
1773 1860 1933 1919 enim
1963 1863 2308 1940 paradoxiS,

582 1955 781 2032 qualia
811 1964 952 2013 sunt
979 1954 1131 2026 haec,
1159 1974 1293 2033 quae
1323 1954 1578 2032 legimus
1601 1954 1727 2013 fere
1758 1955 1978 2014 omnia.

671 2048 751 2106 A.
801 2048 972 2106 Itane
999 2049 1124 2107 ais?

666 2141 746 2201 B.
795 2142 959 2202 Quid
1015 2140 1122 2199 ni?
1221 2140 1403 2201 Quod
1458 2150 1755 2219 punctum
1805 2142 2306 2219 magnitudinem,

580 2236 696 2293 etsi
747 2235 1071 2313 aliquando
1116 2254 1242 2293 non
1292 2234 1756 2308 consideratam,
1799 2235 2060 2314 aliquam
2105 2247 2310 2298 tamen

579 2329 820 2400 habeat,
850 2329 1227 2407 paradoxum
1257 2349 1382 2388 non
1413 2339 1507 2387 est
1532 2328 1551 2386 ?

663 2423 741 2480 A.
788 2424 896 2482 Est
920 2423 1182 2501 quidem,
1206 2422 1473 2501 sequutis
1498 2423 1818 2480 doctorum
1841 2423 2272 2485 authoritatem
2293 2453 2307 2496 ;

579 2518 892 2577 utentibus
943 2528 1146 2577 autem
1192 2519 1428 2577 ratione
1471 2516 1738 2596 propria,
1769 2517 2144 2595 paradoxum
2182 2540 2308 2580 non

579 2620 688 2670 est.

664 2705 744 2764 B.
793 2705 975 2765 Quod
1005 2706 1158 2765 ratio
1194 2725 1266 2765 ea
1294 2705 1556 2784 quidem,
1589 2725 1770 2783 quam
1799 2705 2028 2764 habent
2057 2705 2216 2766 inter
2245 2727 2308 2767 se

578 2799 699 2858 duo
729 2799 1067 2877 inaequalia,
1101 2801 1408 2879 quantitas
1450 2800 1543 2875 sit,
1579 2820 1651 2859 ea
1678 2820 1841 2872 vero,
1875 2821 2053 2878 quam
2082 2802 2309 2864 habent

579 2892 699 2951 duo
758 2894 1032 2971 aequalia,
1093 2895 1401 2972 quantitas
1453 2913 1577 2952 non
1636 2893 1731 2963 sit,
1775 2893 2152 2972 paradoxum
2195 2905 2305 2956 est.

580 2986 764 3048 Quod
792 2987 855 3045 in
886 2988 1079 3059 tribus
1110 2987 1395 3047 continue
1439 2988 2014 3066 proportionalibuS,
2047 3009 2307 3067 quorum

574 3082 838 3160 primum
885 3091 975 3141 est
1025 3083 1363 3155 minimum,
1410 3082 1566 3141 ratio
1611 3082 1793 3160 primi
1836 3082 1913 3141 ad
1973 3083 2306 3143 secundum

575 3176 839 3235 semissis
884 3186 976 3234 est
1018 3177 1271 3236 rationis
1319 3177 1501 3256 primi
1545 3177 1624 3235 ad
1667 3176 1948 3236 tertium:
1994 3177 2157 3256 quod
2199 3198 2304 3237 an-

573 3270 751 3348 gulus
800 3270 1147 3329 rectilineus
1199 3280 1289 3330 est
1333 3270 1643 3349 quantitas
1696 3271 2106 3330 conversionis
2150 3272 2305 3332 radii

574 3365 737 3424 circa
766 3374 1080 3423 centrum:
1129 3365 1293 3443 quod
1344 3365 1599 3443 angulus
1645 3373 1963 3424 contactus
1993 3374 2085 3424 est
2115 3385 2301 3444 quan-

574 3460 738 3532 titas,
794 3478 923 3518 esse
970 3467 1175 3518 tamen
1233 3459 1489 3538 angulos
1529 3458 1607 3518 ad
1652 3479 1802 3537 quos
1854 3459 1955 3518 ille
2005 3459 2303 3518 rationem

571 3553 791 3614 habeat
836 3552 1101 3612 nullam:
1150 3552 1367 3614 deinde
1420 3553 1542 3627 illa,
1594 3573 1729 3631 quae
1779 3553 1921 3612 hinc
1979 3552 2300 3625 deduxisti,
