2462 4120
689 373 1162 417 PROBLEMATA
1195 375 1514 418 PHYsch.
1852 361 1974 427 327

332 516 415 577 Β.
462 516 619 576 Sunt
675 534 822 593 ergo
881 513 1225 573 accidentia
1288 513 1392 573 illa
1449 534 1707 592 quorum
1765 536 1977 577 causas

248 611 488 690 quaeris.
574 609 718 669 Dixi
763 629 966 688 supra,
1012 608 1179 687 quod
1212 628 1250 668 a
1288 617 1464 668 motu
1508 630 1688 688 quem
1725 611 1789 670 in
1832 612 1977 686 sole,

247 716 431 779 terra,
462 714 526 765 et
554 704 792 764 caeteris
823 704 1002 764 astris
1033 704 1343 783 supposui,
1374 723 1479 764 aer
1508 704 1870 784 dissipatur:
1918 715 1981 766 et

245 821 357 880 per
385 818 762 878 consequens
791 798 857 858 ni
885 797 1149 858 mundus
1177 798 1394 877 plenus
1425 807 1603 872 esset,
1634 799 1981 860 innumera-

245 895 392 955 bilia
419 904 622 955 essent
644 894 710 953 in
739 914 878 954 aere
906 894 1044 954 loca
1074 893 1295 972 exigua
1323 913 1535 954 vacua.
1604 894 1724 953 Sed
1754 895 1982 955 mundo

245 989 447 1070 pleno,
493 989 790 1069 proximae
838 999 1044 1068 partes
1094 989 1251 1049 aeris
1301 1008 1412 1068 per
1462 989 1815 1048 continuam
1863 990 1985 1049 loci

246 1084 655 1144 mutationem
686 1083 1024 1143 succedunt
1061 1083 1127 1143 in
1168 1083 1374 1143 locum
1413 1082 1807 1163 disjectarum
1845 1103 1983 1163 par-

248 1179 425 1252 tium,
455 1198 571 1239 nec
596 1199 786 1239 vacua
809 1198 939 1238 esse
970 1179 1198 1239 sinunt.

335 1273 489 1333 Cum
531 1293 678 1352 ergo
709 1294 746 1333 a
773 1283 945 1333 motu
973 1271 1302 1332 illiusmodi
1330 1272 1513 1332 solari
1542 1292 1647 1332 aer
1671 1273 1849 1352 juxta
1888 1291 1986 1331 su-

248 1369 562 1448 perficiem
608 1379 810 1442 terrae,
863 1378 934 1429 ut
985 1367 1131 1442 dixi,
1179 1368 1500 1442 laceretur,
1553 1367 1671 1427 nisi
1718 1367 1988 1446 corporis

250 1464 484 1544 aliquid
515 1483 589 1523 ex
618 1464 751 1544 ipsa
792 1472 958 1523 terra
1000 1463 1318 1543 egrediens
1347 1472 1669 1543 rupturam
1697 1462 1865 1522 illam
1893 1482 1989 1522 re-

252 1558 526 1632 sarciret,
557 1578 767 1618 rursus
798 1557 878 1618 ad
906 1578 1169 1618 vacuum
1202 1557 1584 1618 redeundum
1614 1566 1792 1617 esset.
1881 1558 1990 1617 Sin

252 1652 483 1732 aliquid
503 1673 578 1714 ex
606 1654 740 1732 ipsa
760 1662 926 1714 terra
947 1653 1318 1733 egrediatur,
1344 1663 1493 1713 tunc
1513 1652 1834 1712 manifeste
1854 1653 1989 1712 fieri

250 1769 363 1829 per
406 1750 571 1809 hunc
618 1760 855 1810 motum
899 1750 1090 1824 videS,
1131 1759 1202 1809 ut
1246 1748 1452 1809 fluidae
1495 1758 1702 1828 partes
1748 1768 1782 1809 e
1828 1757 1995 1808 terra

253 1852 553 1924 cogantur
611 1845 915 1905 exhalare.
1031 1844 1325 1924 Idemque
1385 1844 1693 1924 contingit
1751 1843 1993 1923 corpori

251 1939 556 1999 humano:
603 1939 768 2018 quod
818 1940 1058 2019 quoties
1115 1941 1300 2000 homo
1349 1940 1558 2014 sentit,
1611 1938 1877 2000 calidum
1928 1958 1991 1998 se

251 2053 383 2094 esse
427 2033 593 2094 dicit.
682 2034 996 2105 Similiter,
1044 2034 1283 2114 quoties
1329 2043 1556 2095 terram
1602 2034 1768 2094 videt
1813 2054 1990 2113 aquae

248 2137 549 2209 terraeque
604 2130 937 2209 particulas
995 2131 1275 2191 emittere
1336 2131 1547 2191 aestivo
1600 2139 1876 2209 tempore
1926 2129 1991 2188 in

250 2223 512 2302 plantaS,
542 2244 580 2283 a
608 2224 811 2284 calore
841 2224 984 2284 solis
1012 2224 1078 2284 id
1106 2225 1239 2284 fieri
1265 2225 1524 2304 judicat.

338 2317 420 2378 A.
464 2318 986 2379 Verisimillimum
1039 2327 1149 2379 est.
1237 2320 1371 2380 Nec
1420 2320 1621 2380 minus
1661 2318 1989 2379 verisimile

254 2419 369 2485 est,
400 2412 618 2472 eodem
645 2412 828 2474 modo
859 2433 892 2473 e
921 2414 1096 2487 mari,
1127 2413 1501 2488 fluminibus,
1523 2423 1586 2474 et
1615 2414 1764 2474 locis
1786 2414 1991 2493 palus-

253 2506 466 2580 tribuS,
495 2507 758 2568 maxime
787 2528 933 2568 vero
964 2509 1040 2569 ab
1072 2529 1324 2583 ocean0,
1354 2509 1598 2569 evocari
1637 2529 1813 2589 aquae
1852 2528 1993 2588 par-

254 2600 471 2661 ticulas
498 2601 564 2662 in
593 2603 808 2663 nubes,

341 2695 767 2757 Calefactionis
798 2706 1005 2758 autem
1035 2698 1247 2759 multae
1271 2699 1407 2760 aliae
1437 2719 1636 2760 causae
1666 2706 1809 2759 sunt
1836 2718 1992 2778 prae-

257 2797 354 2848 ter
382 2790 688 2850 actionem
718 2792 859 2852 solis
889 2802 997 2853 aut
1027 2793 1206 2872 ignis,
1294 2794 1433 2854 Duo
1465 2794 1635 2873 ligna
1671 2795 1831 2854 inter
1868 2801 1994 2854 tor-

258 2882 530 2943 nandum
559 2885 802 2946 affrictu
831 2897 1044 2947 mutuo
1075 2888 1406 2968 saepissime
1432 2888 1867 2949 incenduntur.

344 2977 426 3038 B.
471 2979 801 3040 Manifesta
828 2981 929 3042 hic
959 2992 1052 3043 est
1080 3002 1290 3044 rursus
1327 2984 1619 3044 laceratio
1642 2984 1820 3057 aeriS,
1850 2992 1996 3043 nata

260 3091 299 3130 a
325 3072 589 3132 motibus
620 3073 879 3134 duorum
906 3076 1214 3156 lignorum
1247 3079 1602 3139 contrariis:
1648 3088 1829 3158 atque
1851 3078 1995 3137 inde

261 3166 601 3226 necessario
632 3169 903 3247 sequitur
942 3172 1208 3250 egressio
1246 3174 1518 3253 corporis
1558 3173 1725 3254 quod
1770 3174 1834 3233 in
1878 3172 1999 3232 illis

263 3269 358 3319 est
397 3261 579 3335 aerei,
610 3269 692 3334 et,
716 3271 888 3323 motu
916 3265 1019 3325 illo
1050 3267 1428 3344 continuato,
1455 3268 1773 3329 dissolutio
1811 3266 1997 3347 parti-

264 3354 539 3414 cularum
571 3356 901 3416 solidarum
930 3359 994 3418 in
1018 3360 1270 3422 cinereS.

349 3449 431 3508 A.
480 3448 659 3509 Unde
688 3451 761 3510 fit
791 3451 958 3530 quod
985 3453 1168 3514 homo
1200 3456 1387 3516 etiam
1414 3456 1494 3516 ad
1525 3456 1807 3516 sudorem
1841 3453 1998 3514 cale-

265 3545 337 3604 fit
367 3544 443 3604 ab
469 3545 635 3604 omni
664 3544 792 3604 fere
821 3546 1029 3607 labore
1059 3551 1328 3628 corporis
1356 3551 1644 3611 insolito?

350 3638 431 3699 B.
481 3639 787 3700 Quoniam
846 3643 1117 3721 corporis
1163 3645 1414 3706 humani
1465 3646 1730 3724 liquores
1776 3639 1999 3700 interni

2057 540 2168 574 CAP.
2195 539 2263 571 IV.

2043 596 2280 626 ψὛ--κ

2066 647 2123 682 De
2140 646 2259 682 calore

2066 705 2103 736 et
2116 701 2212 737 luce.
