2462 4120
265 479 515 512 DIALOGUS

367 547 419 580 11.

587 311 664 364 82
946 323 1390 368 EXAMINATIO
1426 327 1510 367 ET
1541 327 1953 370 EMENDATIO

667 457 743 520 A.
791 460 1083 523 Rationes
1113 464 1420 525 addendas
1448 486 1723 546 propone
1752 487 1900 546 quas
1930 467 2039 526 viS.

668 554 749 613 B.
796 555 1042 616 Rationi
1091 568 1127 618 2
1167 560 1247 618 ἃᾶ
1283 565 1320 619 3
1366 561 1523 620 adde
1562 562 1861 622 rationem
1907 570 1943 621 4
1985 561 2063 621 ad
2098 567 2156 634 5,
2206 579 2316 639 per

582 649 1171 728 multiplicationem.

670 745 752 803 A.
797 744 1144 824 Multiplico
1191 748 1643 821 antecedentes,
1696 757 1731 808 2
1776 757 1836 808 et
1871 756 1929 822 4,
1974 749 2035 807 in
2084 767 2166 820 se,
2212 747 2315 826 qui

582 838 817 898 faciunt
867 846 941 908 8;
1001 839 1219 900 deinde
1270 842 1605 919 multiplico
1651 843 1715 900 in
1761 863 1825 902 se
1873 851 2314 920 consequentes

585 939 622 990 3
646 942 708 991 et
739 939 817 1001 53
861 933 1223 1011 producitur
1259 942 1351 993 15.
1440 935 1827 994 Probandum
1873 945 1969 994 est
2014 935 2316 995 rationem

585 1033 622 1086 8
653 1026 731 1086 ad
762 1034 855 1099 15,
887 1029 1182 1106 aequalem
1213 1047 1343 1087 esse
1381 1029 1673 1087 ambabus
1712 1029 2047 1088 rationibus
2078 1038 2114 1089 2
2145 1029 2225 1089 ad
2256 1037 2314 1104 3,

583 1130 645 1180 et
667 1129 703 1180 4
736 1121 815 1181 ad
848 1129 903 1181 5.
992 1122 1153 1180 Nam
1199 1130 1234 1180 4
1273 1122 1684 1200 multiplicans
1730 1130 1766 1181 2
1800 1131 1862 1181 et
1891 1130 1947 1194 3,
1993 1123 2143 1182 facit
2189 1130 2226 1183 8
2253 1133 2316 1183 et

591 1223 682 1275 12.
770 1216 880 1275 Est
930 1236 1075 1293 ergo
1126 1215 1284 1274 ratio
1334 1221 1371 1274 8
1409 1214 1489 1274 ad
1535 1223 1605 1275 12
1648 1214 1860 1274 eadem
1913 1235 2049 1294 quae
2078 1224 2114 1276 2
2146 1217 2226 1276 ad
2254 1225 2310 1277 3.

582 1309 836 1382 RurSUS,
885 1318 920 1369 3
952 1309 1362 1387 multiplicans
1392 1315 1428 1367 4
1463 1317 1526 1368 et
1558 1317 1614 1382 5,
1645 1308 1794 1368 facit
1831 1317 1900 1369 12
1927 1318 1988 1369 et
2024 1316 2120 1369 15.
2205 1311 2317 1371 Est

582 1423 729 1482 ergo
768 1412 839 1463 12
878 1403 956 1462 ἃᾶ
995 1410 1064 1462 15
1111 1402 1325 1461 eadem
1371 1402 1529 1461 ratio
1582 1422 1719 1480 quae
1760 1410 1796 1461 4
1829 1402 1909 1462 ad
1940 1411 1996 1463 5.
2085 1403 2207 1463 Sed
2249 1404 2316 1463 in

579 1497 675 1557 his
733 1498 1000 1556 numeris
1043 1503 1101 1569 8,
1162 1504 1256 1570 12,
1305 1504 1396 1572 15,
1442 1497 1601 1556 ratio
1653 1497 1866 1576 primae
1913 1498 1991 1557 ad
2035 1497 2316 1558 ultimam

579 1593 827 1670 aequalis
852 1601 942 1651 est
972 1592 1264 1651 ambabus
1294 1592 1631 1651 rationibus
1662 1592 1840 1651 simul
1873 1599 1909 1651 8
1939 1591 2019 1652 ad
2049 1601 2121 1652 12
2152 1602 2212 1653 et
2242 1601 2313 1652 12

579 1687 659 1746 ἃᾶ
689 1694 780 1759 15,
805 1687 922 1745 hoc
948 1694 1058 1759 est,
1081 1686 1372 1745 ambabus
1394 1686 1729 1746 rationibus
1760 1694 1796 1746 2
1829 1686 1908 1746 ἃᾶ
1938 1695 1974 1746 3
1999 1696 2062 1747 et
2083 1695 2119 1746 4
2145 1687 2224 1747 ad
2256 1695 2313 1747 5.

580 1782 797 1859 Itaque
829 1780 1241 1839 demonstravi
1279 1780 1580 1840 rationem
1609 1780 1854 1854 rationi,
1885 1801 1995 1859 per
2023 1781 2315 1860 multipli-

580 1876 884 1935 cationem
922 1875 987 1934 in
1031 1895 1094 1934 se
1133 1874 1623 1934 antecedentium
1668 1876 1987 1934 amborum
2017 1885 2078 1936 et
2107 1877 2316 1935 ambo-

580 1990 718 2030 rum
749 1970 1271 2049 consequentium‚
1303 1969 1574 2029 additam
1604 1989 1753 2042 esse,
1783 1979 1855 2028 ut
1883 1970 2214 2049 imperasti.

666 2066 748 2124 B.
797 2064 1123 2125 Quomodo
1153 2073 1360 2124 autem
1388 2063 1655 2124 rationes
1694 2065 1886 2124 altera
1925 2065 2103 2124 alteri
2141 2065 2317 2125 aliter

581 2159 725 2219 addi
752 2167 1010 2238 possunt
1034 2157 1054 2216 ?

667 2253 748 2312 A.
797 2253 882 2325 Si,
913 2271 1150 2331 nempe,
1182 2262 1253 2311 ut
1291 2253 1655 2313 antecedens
1699 2261 1792 2312 est
1829 2252 1908 2312 ad
1939 2272 2316 2330 consequen-

580 2357 708 2408 tem
765 2347 946 2407 unius
1002 2347 1275 2419 rationiS‚
1333 2347 1421 2407 ita
1475 2348 1584 2407 fiat
1642 2366 2017 2425 consequens
2067 2346 2316 2406 alterius

581 2442 836 2502 rationis
886 2442 966 2501 ad
1017 2451 1316 2521 quartam.
1404 2441 1566 2501 Nam
1607 2442 1658 2500 si
1700 2441 1924 2500 rationi
1964 2449 2000 2500 2
2032 2441 2109 2500 ἃᾶ
2141 2449 2178 2500 3
2208 2440 2316 2500 ad—

584 2536 784 2596 denda
813 2536 891 2595 sit
920 2537 1076 2596 ratio
1100 2544 1136 2595 4
1162 2536 1242 2596 ad
1267 2544 1322 2610 5,
1346 2537 1456 2596 fiat
1484 2545 1555 2595 ut
1577 2543 1612 2595 4
1639 2535 1717 2596 ad
1741 2543 1798 2609 5,
1824 2536 1911 2595 ita
1942 2543 1978 2595 3
2002 2535 2080 2594 ad
2104 2535 2313 2602 aliam;

581 2630 853 2709 prodibit
885 2631 982 2708 3}
1046 2631 1361 2691 Ponantur
1383 2630 1597 2690 ordine
1628 2638 1685 2703 2,
1712 2638 1769 2703 3,
1795 2630 1894 2707 3Ξ.
1957 2630 2139 2689 Ratio
2169 2649 2315 2708 ergo

582 2733 619 2784 2
653 2723 731 2783 ἃᾶ
763 2724 842 2801 3}
871 2733 963 2784 est
1008 2745 1244 2784 summa
1295 2725 1602 2784 rationum
1644 2731 1680 2784 2
1712 2722 1791 2782 ἃᾶ
1822 2731 1858 2783 3
1900 2733 1962 2782 et
2003 2731 2039 2782 3
2085 2723 2166 2782 ad
2215 2723 2312 2800 32}-

582 2819 694 2877 Est
743 2818 906 2877 enim
949 2820 1107 2879 ratio
1139 2828 1175 2880 3
1207 2819 1287 2879 ad
1318 2819 1418 2897 32}
1456 2818 1668 2895 eadem
1712 2837 1847 2895 quae
1889 2817 2046 2876 ratio
2076 2825 2112 2876 4
2146 2817 2224 2876 ad
2255 2825 2311 2876 5.

582 2912 664 2972 Et
694 2912 993 2991 siquidem
1022 2924 1145 2974 tres
1176 2915 1568 2993 quantitateS,
1595 2921 1659 2986 2,
1693 2920 1750 2985 3,
1783 2913 1880 2990 3Ξ,
1908 2912 2316 2991 multiplicen-

581 3016 683 3066 tur
713 3027 923 3066 omnes
952 3006 1061 3086 per
1079 3017 1138 3082 4,
1162 3009 1496 3087 prodibunt
1515 3014 1573 3081 8,
1593 3015 1696 3080 12,
1731 3014 1823 3079 15,
1853 3006 2040 3067 iidem
2078 3006 2318 3066 numeri

584 3102 688 3180 qui
716 3101 863 3160 facti
893 3113 1069 3162 erant
1097 3123 1206 3181 per
1233 3101 1822 3180 multiplicationem.

666 3195 747 3254 B.
793 3195 983 3254 Recte
1032 3196 1516 3256 demonstratum
1559 3203 1668 3254 est.
1757 3194 1879 3254 Sed
1917 3213 2120 3253 nonne
2161 3192 2317 3252 sicut

583 3289 741 3349 ratio
770 3289 997 3348 rationi
1026 3290 1272 3350 additur
1299 3309 1409 3369 per
1442 3288 2029 3366 multiplicationem,
2059 3287 2148 3346 ita
2175 3287 2316 3346 sub-

586 3383 792 3443 ductio
838 3384 1016 3442 unius
1052 3385 1305 3444 rationis
1345 3405 1420 3444 ex
1454 3384 1573 3444 alia
1611 3382 1745 3442 fieri
1782 3391 1984 3460 potest
2025 3400 2135 3460 per
2165 3379 2317 3440 divi-

583 3477 860 3539 sionem?

669 3572 752 3632 A.
796 3571 1017 3631 Etiam.
1105 3573 1284 3646 Nam,
1310 3571 1570 3650 exempli
1597 3571 1814 3649 gratia,
1841 3591 1877 3630 a
1905 3570 2141 3629 ratione
2172 3574 2209 3627 8
2238 3567 2318 3627 ad

595 3672 668 3725 15
710 3667 789 3726 sit
839 3665 1233 3726 subducenda
1278 3667 1435 3726 ratio
1475 3673 1510 3724 4
1564 3664 1642 3724 ad
1689 3670 1747 3723 5.
1834 3663 2055 3724 Divido
2106 3662 2316 3722 ambos
