<?xml version="1.0" encoding="UTF-8"?>
<!DOCTYPE html PUBLIC "-//W3C//DTD XHTML 1.0 Transitional//EN"
    "http://www.w3.org/TR/xhtml1/DTD/xhtml1-transitional.dtd">
<html xmlns="http://www.w3.org/1999/xhtml" xml:lang="en" lang="en">
 <head>
  <title>
</title>
<meta http-equiv="Content-Type" content="text/html;charset=utf-8" />
  <meta name='ocr-system' content='tesseract 3.04.00' />
  <meta name='ocr-capabilities' content='ocr_page ocr_carea ocr_par ocr_line ocrx_word'/>
</head>
<body>
  <div class='ocr_page' id='page_1' title='image "./operaphilosophic04hobbuoft_0071.png"; bbox 0 0 2462 4120; ppageno 0'>
   <div class='ocr_carea' id='block_1_1' title="bbox 598 347 1950 403">
    <p class='ocr_par' dir='ltr' id='par_1_1' title="bbox 598 347 1950 403">
     <span class='ocr_line' id='line_1_1' title="bbox 598 347 1950 403; baseline -0.001 -2"><span class='ocrx_word' id='word_1_1' title='bbox 598 357 1124 403; x_wconf 84' lang='lat' dir='ltr'>MATHEMATICAE</span> <span class='ocrx_word' id='word_1_2' title='bbox 1159 358 1565 400; x_wconf 78' lang='lat' dir='ltr'>HomERNAE.</span> <span class='ocrx_word' id='word_1_3' title='bbox 1872 347 1950 400; x_wconf 89' lang='lat'>59</span> 
     </span>
    </p>
   </div>
   <div class='ocr_carea' id='block_1_2' title="bbox 211 495 2264 3517">
    <p class='ocr_par' dir='ltr' id='par_1_2' title="bbox 211 495 2264 1622">
     <span class='ocr_line' id='line_1_2' title="bbox 295 495 2264 574; baseline -0.005 -15"><span class='ocrx_word' id='word_1_4' title='bbox 295 499 379 560; x_wconf 89' lang='lat' dir='ltr'>A.</span> <span class='ocrx_word' id='word_1_5' title='bbox 423 497 626 568; x_wconf 82' lang='lat' dir='ltr'>Mala3</span> <span class='ocrx_word' id='word_1_6' title='bbox 698 516 812 556; x_wconf 90' lang='lat' dir='ltr'>nec</span> <span class='ocrx_word' id='word_1_7' title='bbox 869 495 1291 574; x_wconf 85' lang='lat' dir='ltr'>intelligibilis,</span> <span class='ocrx_word' id='word_1_8' title='bbox 1356 495 1585 555; x_wconf 88' lang='lat' dir='ltr'>nedum</span> <span class='ocrx_word' id='word_1_9' title='bbox 1641 504 1951 557; x_wconf 88' lang='lat' dir='ltr'>accurata.</span> <span class='ocrx_word' id='word_1_10' title='bbox 2014 517 2264 554; x_wconf 72' lang='lat' dir='ltr'>mALoeus</span> 
     </span>
     <span class='ocr_line' id='line_1_3' title="bbox 215 587 2261 673; baseline -0.001 -19"><span class='ocrx_word' id='word_1_11' title='bbox 215 595 383 655; x_wconf 86' lang='lat' dir='ltr'><strong>Inter</strong></span> <span class='ocrx_word' id='word_1_12' title='bbox 412 613 694 673; x_wconf 89' lang='lat' dir='ltr'>quaenam</span> <span class='ocrx_word' id='word_1_13' title='bbox 729 611 840 651; x_wconf 84' lang='lat' dir='ltr'>sua</span> <span class='ocrx_word' id='word_1_14' title='bbox 866 590 1055 670; x_wconf 85' lang='lat' dir='ltr'>ipsius</span> <span class='ocrx_word' id='word_1_15' title='bbox 1083 598 1316 668; x_wconf 88' lang='lat' dir='ltr'>puncta</span> <span class='ocrx_word' id='word_1_16' title='bbox 1342 597 1550 668; x_wconf 83' lang='lat' dir='ltr'>potest</span> <span class='ocrx_word' id='word_1_17' title='bbox 1579 589 1956 669; x_wconf 79' lang='lat' dir='ltr'><em>interjacere</em></span> <span class='ocrx_word' id='word_1_18' title='bbox 2116 587 2170 619; x_wconf 77' lang='grc' dir='ltr'>Π·</span> <span class='ocrx_word' id='word_1_19' title='bbox 2250 642 2261 654; x_wconf 84' lang='grc'><strong><em>,</em></strong></span> 
     </span>
     <span class='ocr_line' id='line_1_4' title="bbox 211 684 1956 766; baseline -0.001 -18"><span class='ocrx_word' id='word_1_20' title='bbox 211 689 374 749; x_wconf 88' lang='lat' dir='ltr'>linea</span> <span class='ocrx_word' id='word_1_21' title='bbox 409 693 618 759; x_wconf 74' lang='lat' dir='ltr'>recta,</span> <span class='ocrx_word' id='word_1_22' title='bbox 638 695 1052 766; x_wconf 72' lang='lat' dir='ltr'>praeterquam</span> <span class='ocrx_word' id='word_1_23' title='bbox 1091 684 1255 744; x_wconf 90' lang='lat' dir='ltr'>inter</span> <span class='ocrx_word' id='word_1_24' title='bbox 1290 685 1611 744; x_wconf 82' lang='lat' dir='ltr'>extrema?</span> <span class='ocrx_word' id='word_1_25' title='bbox 1696 687 1776 746; x_wconf 89' lang='lat' dir='ltr'>Et</span> <span class='ocrx_word' id='word_1_26' title='bbox 1804 707 1956 765; x_wconf 91' lang='lat' dir='ltr'>quo-</span> 
     </span>
     <span class='ocr_line' id='line_1_5' title="bbox 213 779 1956 860; baseline -0.001 -18"><span class='ocrx_word' id='word_1_27' title='bbox 213 781 398 851; x_wconf 85' lang='lat' dir='ltr'>modo</span> <span class='ocrx_word' id='word_1_28' title='bbox 446 782 610 841; x_wconf 87' lang='lat' dir='ltr'>inter</span> <span class='ocrx_word' id='word_1_29' title='bbox 661 801 735 840; x_wconf 88' lang='lat' dir='ltr'>ea</span> <span class='ocrx_word' id='word_1_30' title='bbox 783 801 861 840; x_wconf 74' lang='lat' dir='ltr'>ea:</span> <span class='ocrx_word' id='word_1_31' title='bbox 910 800 1086 860; x_wconf 79' lang='lat' dir='ltr'>oequo</span> <span class='ocrx_word' id='word_1_32' title='bbox 1143 779 1471 858; x_wconf 89' lang='lat' dir='ltr'>interjacet</span> <span class='ocrx_word' id='word_1_33' title='bbox 1526 779 1721 857; x_wconf 86' lang='lat' dir='ltr'>magis</span> <span class='ocrx_word' id='word_1_34' title='bbox 1772 801 1956 860; x_wconf 89' lang='lat' dir='ltr'>quam</span> 
     </span>
     <span class='ocr_line' id='line_1_6' title="bbox 214 873 1959 955; baseline -0.002 -17"><span class='ocrx_word' id='word_1_35' title='bbox 214 897 419 951; x_wconf 85' lang='lat' dir='ltr'>curva,</span> <span class='ocrx_word' id='word_1_36' title='bbox 463 875 581 935; x_wconf 84' lang='lat' dir='ltr'>nisi</span> <span class='ocrx_word' id='word_1_37' title='bbox 622 874 786 935; x_wconf 87' lang='lat' dir='ltr'>forte</span> <span class='ocrx_word' id='word_1_38' title='bbox 828 874 993 955; x_wconf 90' lang='lat' dir='ltr'>quod</span> <span class='ocrx_word' id='word_1_39' title='bbox 1032 893 1157 933; x_wconf 92' lang='lat' dir='ltr'>non</span> <span class='ocrx_word' id='word_1_40' title='bbox 1194 873 1460 934; x_wconf 89' lang='lat' dir='ltr'>declinet</span> <span class='ocrx_word' id='word_1_41' title='bbox 1499 874 1576 932; x_wconf 90' lang='lat' dir='ltr'>ab</span> <span class='ocrx_word' id='word_1_42' title='bbox 1607 873 1813 952; x_wconf 88' lang='lat' dir='ltr'>aliqua</span> <span class='ocrx_word' id='word_1_43' title='bbox 1840 875 1959 935; x_wconf 89' lang='lat' dir='ltr'>alia</span> 
     </span>
     <span class='ocr_line' id='line_1_7' title="bbox 212 967 1958 1047; baseline -0.002 -15"><span class='ocrx_word' id='word_1_44' title='bbox 212 972 394 1047; x_wconf 88' lang='lat' dir='ltr'>linea,</span> <span class='ocrx_word' id='word_1_45' title='bbox 425 970 641 1030; x_wconf 88' lang='lat' dir='ltr'>eadem</span> <span class='ocrx_word' id='word_1_46' title='bbox 669 970 936 1030; x_wconf 83' lang='lat' dir='ltr'>habente</span> <span class='ocrx_word' id='word_1_47' title='bbox 965 976 1261 1042; x_wconf 85' lang='lat' dir='ltr'>extrema,</span> <span class='ocrx_word' id='word_1_48' title='bbox 1285 967 1481 1046; x_wconf 83' lang='lat' dir='ltr'>magis</span> <span class='ocrx_word' id='word_1_49' title='bbox 1510 968 1575 1027; x_wconf 91' lang='lat' dir='ltr'>in</span> <span class='ocrx_word' id='word_1_50' title='bbox 1603 987 1791 1027; x_wconf 92' lang='lat' dir='ltr'>unam</span> <span class='ocrx_word' id='word_1_51' title='bbox 1819 989 1958 1047; x_wconf 90' lang='lat' dir='ltr'>par-</span> 
     </span>
     <span class='ocr_line' id='line_1_8' title="bbox 212 1062 1961 1145; baseline -0.003 -18"><span class='ocrx_word' id='word_1_52' title='bbox 212 1075 341 1128; x_wconf 88' lang='lat' dir='ltr'>tem</span> <span class='ocrx_word' id='word_1_53' title='bbox 386 1085 570 1145; x_wconf 89' lang='lat' dir='ltr'>quam</span> <span class='ocrx_word' id='word_1_54' title='bbox 611 1065 677 1124; x_wconf 89' lang='lat' dir='ltr'>in</span> <span class='ocrx_word' id='word_1_55' title='bbox 718 1062 941 1124; x_wconf 84' lang='lat' dir='ltr'>aliam?</span> <span class='ocrx_word' id='word_1_56' title='bbox 1031 1063 1217 1124; x_wconf 75' lang='lat' dir='ltr'>Quod</span> <span class='ocrx_word' id='word_1_57' title='bbox 1262 1063 1315 1123; x_wconf 84' lang='lat' dir='ltr'>si</span> <span class='ocrx_word' id='word_1_58' title='bbox 1353 1064 1444 1123; x_wconf 89' lang='lat' dir='ltr'>ita</span> <span class='ocrx_word' id='word_1_59' title='bbox 1484 1063 1584 1137; x_wconf 86' lang='lat' dir='ltr'>sit,</span> <span class='ocrx_word' id='word_1_60' title='bbox 1621 1082 1808 1141; x_wconf 89' lang='lat' dir='ltr'>quare</span> <span class='ocrx_word' id='word_1_61' title='bbox 1837 1083 1961 1122; x_wconf 87' lang='lat' dir='ltr'>non</span> 
     </span>
     <span class='ocr_line' id='line_1_9' title="bbox 214 1158 1962 1242; baseline -0.003 -20"><span class='ocrx_word' id='word_1_62' title='bbox 214 1170 473 1242; x_wconf 85' lang='lat' dir='ltr'>possunt</span> <span class='ocrx_word' id='word_1_63' title='bbox 519 1179 652 1219; x_wconf 83' lang='lat' dir='ltr'>esse</span> <span class='ocrx_word' id='word_1_64' title='bbox 698 1159 863 1218; x_wconf 89' lang='lat' dir='ltr'>inter</span> <span class='ocrx_word' id='word_1_65' title='bbox 907 1158 1121 1218; x_wconf 88' lang='lat' dir='ltr'>eadem</span> <span class='ocrx_word' id='word_1_66' title='bbox 1164 1167 1395 1237; x_wconf 90' lang='lat' dir='ltr'>puncta</span> <span class='ocrx_word' id='word_1_67' title='bbox 1439 1167 1717 1218; x_wconf 81' lang='lat' dir='ltr'>extrema</span> <span class='ocrx_word' id='word_1_68' title='bbox 1757 1158 1962 1236; x_wconf 85' lang='lat' dir='ltr'>plures</span> 
     </span>
     <span class='ocr_line' id='line_1_10' title="bbox 216 1253 1965 1333; baseline -0.003 -16"><span class='ocrx_word' id='word_1_69' title='bbox 216 1264 404 1317; x_wconf 85' lang='lat' dir='ltr'>rectae</span> <span class='ocrx_word' id='word_1_70' title='bbox 445 1256 645 1315; x_wconf 86' lang='lat' dir='ltr'>lineae.</span> <span class='ocrx_word' id='word_1_71' title='bbox 734 1255 1056 1328; x_wconf 87' lang='lat' dir='ltr'>Praeterea,</span> <span class='ocrx_word' id='word_1_72' title='bbox 1102 1253 1366 1333; x_wconf 83' lang='lat' dir='ltr'>intelligi</span> <span class='ocrx_word' id='word_1_73' title='bbox 1408 1274 1534 1313; x_wconf 93' lang='lat' dir='ltr'>non</span> <span class='ocrx_word' id='word_1_74' title='bbox 1571 1261 1779 1332; x_wconf 85' lang='lat' dir='ltr'>potest</span> <span class='ocrx_word' id='word_1_75' title='bbox 1814 1273 1965 1331; x_wconf 92' lang='lat' dir='ltr'>quo-</span> 
     </span>
     <span class='ocr_line' id='line_1_11' title="bbox 218 1347 1965 1430; baseline -0.004 -18"><span class='ocrx_word' id='word_1_76' title='bbox 218 1351 403 1412; x_wconf 91' lang='lat' dir='ltr'>modo</span> <span class='ocrx_word' id='word_1_77' title='bbox 432 1351 594 1410; x_wconf 89' lang='lat' dir='ltr'>linea</span> <span class='ocrx_word' id='word_1_78' title='bbox 622 1358 793 1409; x_wconf 90' lang='lat' dir='ltr'>recta</span> <span class='ocrx_word' id='word_1_79' title='bbox 825 1371 901 1410; x_wconf 74' lang='lat' dir='ltr'><em>ex</em></span> <span class='ocrx_word' id='word_1_80' title='bbox 931 1370 1112 1430; x_wconf 78' lang='lat' dir='ltr'>oeqzm,</span> <span class='ocrx_word' id='word_1_81' title='bbox 1159 1348 1225 1408; x_wconf 87' lang='lat' dir='ltr'>id</span> <span class='ocrx_word' id='word_1_82' title='bbox 1255 1357 1366 1423; x_wconf 82' lang='lat' dir='ltr'>est,</span> <span class='ocrx_word' id='word_1_83' title='bbox 1407 1349 1744 1428; x_wconf 88' lang='lat' dir='ltr'>aequaliter,</span> <span class='ocrx_word' id='word_1_84' title='bbox 1775 1347 1965 1406; x_wconf 87' lang='lat' dir='ltr'>inter-</span> 
     </span>
     <span class='ocr_line' id='line_1_12' title="bbox 213 1443 1969 1527; baseline -0.002 -21"><span class='ocrx_word' id='word_1_85' title='bbox 213 1449 421 1527; x_wconf 86' lang='lat' dir='ltr'>jacere</span> <span class='ocrx_word' id='word_1_86' title='bbox 451 1446 615 1505; x_wconf 89' lang='lat' dir='ltr'>inter</span> <span class='ocrx_word' id='word_1_87' title='bbox 653 1465 763 1505; x_wconf 84' lang='lat' dir='ltr'>sua</span> <span class='ocrx_word' id='word_1_88' title='bbox 793 1454 1067 1505; x_wconf 86' lang='lat' dir='ltr'>extrema</span> <span class='ocrx_word' id='word_1_89' title='bbox 1096 1444 1357 1519; x_wconf 89' lang='lat' dir='ltr'>dicatur,</span> <span class='ocrx_word' id='word_1_90' title='bbox 1397 1444 1516 1505; x_wconf 82' lang='lat' dir='ltr'>nisi</span> <span class='ocrx_word' id='word_1_91' title='bbox 1554 1443 1969 1522; x_wconf 82' lang='lat' dir='ltr'>intelligamus</span> 
     </span>
     <span class='ocr_line' id='line_1_13' title="bbox 219 1539 968 1622; baseline -0.003 -21"><span class='ocrx_word' id='word_1_92' title='bbox 219 1542 389 1622; x_wconf 85' lang='lat' dir='ltr'>prius</span> <span class='ocrx_word' id='word_1_93' title='bbox 420 1541 570 1619; x_wconf 91' lang='lat' dir='ltr'>quid</span> <span class='ocrx_word' id='word_1_94' title='bbox 601 1541 680 1599; x_wconf 84' lang='lat' dir='ltr'>sit</span> <span class='ocrx_word' id='word_1_95' title='bbox 710 1539 968 1620; x_wconf 80' lang='lat' dir='ltr'>aequale.</span> 
     </span>
    </p>

    <p class='ocr_par' dir='ltr' id='par_1_3' title="bbox 220 1604 1970 1904">
     <span class='ocr_line' id='line_1_14' title="bbox 303 1604 1970 1714; baseline -0.001 -19"><span class='ocrx_word' id='word_1_96' title='bbox 303 1635 385 1696; x_wconf 89' lang='lat' dir='ltr'>B.</span> <span class='ocrx_word' id='word_1_97' title='bbox 429 1635 723 1695; x_wconf 92' lang='lat' dir='ltr'>Definitio</span> <span class='ocrx_word' id='word_1_98' title='bbox 771 1635 1099 1714; x_wconf 88' lang='lat' dir='ltr'>aequalium</span> <span class='ocrx_word' id='word_1_99' title='bbox 1141 1636 1217 1695; x_wconf 89' lang='lat' dir='ltr'>ab</span> <span class='ocrx_word' id='word_1_100' title='bbox 1265 1604 1542 1710; x_wconf 83' lang='lat' dir='ltr'>Euclide,</span> <span class='ocrx_word' id='word_1_101' title='bbox 1587 1634 1796 1695; x_wconf 85' lang='lat' dir='ltr'>nescio</span> <span class='ocrx_word' id='word_1_102' title='bbox 1847 1654 1970 1713; x_wconf 88' lang='lat' dir='ltr'>qua</span> 
     </span>
     <span class='ocr_line' id='line_1_15' title="bbox 222 1729 1969 1809; baseline -0.001 -18"><span class='ocrx_word' id='word_1_103' title='bbox 222 1731 298 1791; x_wconf 92' lang='lat' dir='ltr'>de</span> <span class='ocrx_word' id='word_1_104' title='bbox 328 1750 530 1801; x_wconf 84' lang='lat' dir='ltr'>causa,</span> <span class='ocrx_word' id='word_1_105' title='bbox 552 1730 965 1808; x_wconf 83' lang='lat' dir='ltr'>praetermissa</span> <span class='ocrx_word' id='word_1_106' title='bbox 993 1741 1124 1798; x_wconf 68' lang='grc' dir='ltr'>θεῖς</span> <span class='ocrx_word' id='word_1_107' title='bbox 1172 1750 1524 1809; x_wconf 84' lang='lat' dir='ltr'><strong>quanquam</strong></span> <span class='ocrx_word' id='word_1_108' title='bbox 1563 1729 1727 1789; x_wconf 90' lang='lat' dir='ltr'>circa</span> <span class='ocrx_word' id='word_1_109' title='bbox 1765 1749 1969 1808; x_wconf 87' lang='lat' dir='ltr'>aequa-</span> 
     </span>
     <span class='ocr_line' id='line_1_16' title="bbox 220 1824 1969 1904; baseline -0.002 -18"><span class='ocrx_word' id='word_1_110' title='bbox 220 1825 456 1886; x_wconf 87' lang='lat' dir='ltr'>litatem</span> <span class='ocrx_word' id='word_1_111' title='bbox 487 1835 550 1884; x_wconf 91' lang='lat' dir='ltr'>et</span> <span class='ocrx_word' id='word_1_112' title='bbox 571 1824 1051 1904; x_wconf 73' lang='lat' dir='ltr'>inaequalitatem</span> <span class='ocrx_word' id='word_1_113' title='bbox 1082 1826 1280 1886; x_wconf 84' lang='lat' dir='ltr'>omnis</span> <span class='ocrx_word' id='word_1_114' title='bbox 1309 1833 1588 1885; x_wconf 86' lang='lat' dir='ltr'>versetur</span> <span class='ocrx_word' id='word_1_115' title='bbox 1610 1825 1969 1902; x_wconf 79' lang='lat' dir='ltr'>geometria.</span> 
     </span>
    </p>

    <p class='ocr_par' dir='ltr' id='par_1_4' title="bbox 222 1919 1973 2286">
     <span class='ocr_line' id='line_1_17' title="bbox 303 1919 1973 1999; baseline -0.001 -20"><span class='ocrx_word' id='word_1_116' title='bbox 303 1919 386 1980; x_wconf 89' lang='lat' dir='ltr'>A.</span> <span class='ocrx_word' id='word_1_117' title='bbox 431 1919 695 1979; x_wconf 85' lang='lat' dir='ltr'>Axioma</span> <span class='ocrx_word' id='word_1_118' title='bbox 723 1929 1011 1979; x_wconf 87' lang='lat' dir='ltr'>octavum</span> <span class='ocrx_word' id='word_1_119' title='bbox 1040 1920 1120 1980; x_wconf 88' lang='lat' dir='ltr'>ad</span> <span class='ocrx_word' id='word_1_120' title='bbox 1140 1920 1526 1980; x_wconf 87' lang='lat' dir='ltr'>Elementum</span> <span class='ocrx_word' id='word_1_121' title='bbox 1551 1920 1819 1999; x_wconf 90' lang='lat' dir='ltr'>primum</span> <span class='ocrx_word' id='word_1_122' title='bbox 1847 1919 1973 1978; x_wconf 89' lang='lat' dir='ltr'>Eu-</span> 
     </span>
     <span class='ocr_line' id='line_1_18' title="bbox 222 2014 1970 2095; baseline -0.001 -20"><span class='ocrx_word' id='word_1_123' title='bbox 222 2015 417 2087; x_wconf 82' lang='lat' dir='ltr'>clidis,</span> <span class='ocrx_word' id='word_1_124' title='bbox 468 2015 666 2074; x_wconf 85' lang='lat' dir='ltr'>instar</span> <span class='ocrx_word' id='word_1_125' title='bbox 717 2014 1087 2075; x_wconf 84' lang='lat' dir='ltr'>definitionis</span> <span class='ocrx_word' id='word_1_126' title='bbox 1140 2024 1233 2075; x_wconf 85' lang='lat' dir='ltr'>est</span> <span class='ocrx_word' id='word_1_127' title='bbox 1280 2015 1604 2095; x_wconf 79' lang='lat' dir='ltr'>oequalium</span> <span class='ocrx_word' id='word_1_128' title='bbox 1647 2014 1970 2088; x_wconf 81' lang='lat' dir='ltr'>linearum,</span> 
     </span>
     <span class='ocr_line' id='line_1_19' title="bbox 222 2108 1972 2190; baseline -0.002 -19"><span class='ocrx_word' id='word_1_129' title='bbox 222 2110 321 2171; x_wconf 85' lang='lat' dir='ltr'>vel</span> <span class='ocrx_word' id='word_1_130' title='bbox 378 2109 566 2169; x_wconf 89' lang='lat' dir='ltr'>etiam</span> <span class='ocrx_word' id='word_1_131' title='bbox 625 2108 954 2190; x_wconf 67' lang='lat' dir='ltr'>aequalium</span> <span class='ocrx_word' id='word_1_132' title='bbox 1009 2109 1495 2190; x_wconf 71' lang='lat' dir='ltr'>superficierum,</span> <span class='ocrx_word' id='word_1_133' title='bbox 1554 2129 1776 2188; x_wconf 91' lang='lat' dir='ltr'>nempe</span> <span class='ocrx_word' id='word_1_134' title='bbox 1832 2109 1972 2182; x_wconf 92' lang='lat' dir='ltr'>hoc,</span> 
     </span>
     <span class='ocr_line' id='line_1_20' title="bbox 223 2203 1972 2286; baseline -0.001 -22"><span class='ocrx_word' id='word_1_135' title='bbox 223 2225 362 2286; x_wconf 79' lang='lat' dir='ltr'>quoe</span> <span class='ocrx_word' id='word_1_136' title='bbox 383 2203 504 2264; x_wconf 73' lang='lat' dir='ltr'>sibi</span> <span class='ocrx_word' id='word_1_137' title='bbox 526 2211 727 2263; x_wconf 76' lang='lat' dir='ltr'>mutuo</span> <span class='ocrx_word' id='word_1_138' title='bbox 751 2212 1116 2286; x_wconf 76' lang='lat' dir='ltr'>congruunt,</span> <span class='ocrx_word' id='word_1_139' title='bbox 1138 2226 1214 2264; x_wconf 82' lang='lat' dir='ltr'><em>ea</em></span> <span class='ocrx_word' id='word_1_140' title='bbox 1240 2206 1406 2265; x_wconf 80' lang='lat' dir='ltr'>inter</span> <span class='ocrx_word' id='word_1_141' title='bbox 1425 2225 1493 2264; x_wconf 74' lang='lat' dir='ltr'><em>Se</em></span> <span class='ocrx_word' id='word_1_142' title='bbox 1514 2213 1654 2265; x_wconf 72' lang='lat' dir='ltr'>sunt</span> <span class='ocrx_word' id='word_1_143' title='bbox 1679 2203 1972 2284; x_wconf 71' lang='lat' dir='ltr'>aequalia.</span> 
     </span>
    </p>

    <p class='ocr_par' dir='ltr' id='par_1_5' title="bbox 227 2297 1980 2948">
     <span class='ocr_line' id='line_1_21' title="bbox 309 2297 1972 2379; baseline 0 -22"><span class='ocrx_word' id='word_1_144' title='bbox 309 2297 388 2358; x_wconf 87' lang='lat' dir='ltr'>B.</span> <span class='ocrx_word' id='word_1_145' title='bbox 435 2299 580 2358; x_wconf 93' lang='lat' dir='ltr'>Non</span> <span class='ocrx_word' id='word_1_146' title='bbox 625 2308 719 2358; x_wconf 82' lang='lat' dir='ltr'>est</span> <span class='ocrx_word' id='word_1_147' title='bbox 766 2319 839 2358; x_wconf 88' lang='lat' dir='ltr'>ea</span> <span class='ocrx_word' id='word_1_148' title='bbox 888 2300 1215 2378; x_wconf 87' lang='lat' dir='ltr'>aequalium</span> <span class='ocrx_word' id='word_1_149' title='bbox 1266 2299 1565 2372; x_wconf 86' lang='lat' dir='ltr'>definitio,</span> <span class='ocrx_word' id='word_1_150' title='bbox 1619 2318 1972 2379; x_wconf 89' lang='lat' dir='ltr'>quanquam</span> 
     </span>
     <span class='ocr_line' id='line_1_22' title="bbox 227 2394 1977 2474; baseline 0 -21"><span class='ocrx_word' id='word_1_151' title='bbox 227 2413 373 2454; x_wconf 88' lang='lat' dir='ltr'>vera</span> <span class='ocrx_word' id='word_1_152' title='bbox 401 2394 760 2472; x_wconf 84' lang='lat' dir='ltr'>propositiO,</span> <span class='ocrx_word' id='word_1_153' title='bbox 792 2403 856 2453; x_wconf 89' lang='lat' dir='ltr'>et</span> <span class='ocrx_word' id='word_1_154' title='bbox 886 2415 1023 2474; x_wconf 89' lang='lat' dir='ltr'>quae</span> <span class='ocrx_word' id='word_1_155' title='bbox 1052 2395 1263 2454; x_wconf 86' lang='lat' dir='ltr'>multis</span> <span class='ocrx_word' id='word_1_156' title='bbox 1295 2395 1695 2455; x_wconf 84' lang='lat' dir='ltr'>theorematis</span> <span class='ocrx_word' id='word_1_157' title='bbox 1728 2395 1977 2454; x_wconf 91' lang='lat' dir='ltr'>demon-</span> 
     </span>
     <span class='ocr_line' id='line_1_23' title="bbox 230 2489 1977 2568; baseline -0.001 -18"><span class='ocrx_word' id='word_1_158' title='bbox 230 2489 497 2550; x_wconf 86' lang='lat' dir='ltr'>Strandis</span> <span class='ocrx_word' id='word_1_159' title='bbox 545 2489 690 2549; x_wconf 84' lang='lat' dir='ltr'>satis</span> <span class='ocrx_word' id='word_1_160' title='bbox 735 2490 891 2549; x_wconf 92' lang='lat' dir='ltr'>bene</span> <span class='ocrx_word' id='word_1_161' title='bbox 931 2490 1319 2560; x_wconf 79' lang='lat' dir='ltr'>inservierit3</span> <span class='ocrx_word' id='word_1_162' title='bbox 1365 2490 1473 2550; x_wconf 84' lang='lat' dir='ltr'>sed</span> <span class='ocrx_word' id='word_1_163' title='bbox 1500 2490 1746 2550; x_wconf 86' lang='lat' dir='ltr'>videtur</span> <span class='ocrx_word' id='word_1_164' title='bbox 1773 2489 1977 2568; x_wconf 83' lang='lat' dir='ltr'>potius</span> 
     </span>
     <span class='ocr_line' id='line_1_24' title="bbox 231 2583 1979 2664; baseline -0.001 -20"><span class='ocrx_word' id='word_1_165' title='bbox 231 2583 560 2663; x_wconf 86' lang='lat' dir='ltr'>descriptio</span> <span class='ocrx_word' id='word_1_166' title='bbox 593 2584 875 2663; x_wconf 88' lang='lat' dir='ltr'>quaedam</span> <span class='ocrx_word' id='word_1_167' title='bbox 905 2586 1054 2664; x_wconf 83' lang='lat' dir='ltr'>ejuS,</span> <span class='ocrx_word' id='word_1_168' title='bbox 1096 2585 1260 2664; x_wconf 89' lang='lat' dir='ltr'>quod</span> <span class='ocrx_word' id='word_1_169' title='bbox 1289 2585 1524 2645; x_wconf 87' lang='lat' dir='ltr'>faciunt</span> <span class='ocrx_word' id='word_1_170' title='bbox 1554 2585 1642 2644; x_wconf 92' lang='lat' dir='ltr'>illi</span> <span class='ocrx_word' id='word_1_171' title='bbox 1672 2585 1780 2662; x_wconf 92' lang='lat' dir='ltr'>qui</span> <span class='ocrx_word' id='word_1_172' title='bbox 1809 2604 1979 2661; x_wconf 91' lang='lat' dir='ltr'>mag-</span> 
     </span>
     <span class='ocr_line' id='line_1_25' title="bbox 227 2678 1978 2759; baseline -0.001 -21"><span class='ocrx_word' id='word_1_173' title='bbox 227 2678 543 2739; x_wconf 84' lang='lat' dir='ltr'>nitudines</span> <span class='ocrx_word' id='word_1_174' title='bbox 583 2699 788 2739; x_wconf 85' lang='lat' dir='ltr'>rerum</span> <span class='ocrx_word' id='word_1_175' title='bbox 826 2681 1182 2741; x_wconf 87' lang='lat' dir='ltr'>metiuntur.</span> <span class='ocrx_word' id='word_1_176' title='bbox 1272 2681 1432 2741; x_wconf 90' lang='lat' dir='ltr'>Nam</span> <span class='ocrx_word' id='word_1_177' title='bbox 1465 2681 1572 2759; x_wconf 91' lang='lat' dir='ltr'>qui</span> <span class='ocrx_word' id='word_1_178' title='bbox 1601 2687 1978 2750; x_wconf 84' lang='lat' dir='ltr'>mensurant,</span> 
     </span>
     <span class='ocr_line' id='line_1_26' title="bbox 233 2773 1980 2854; baseline -0.001 -21"><span class='ocrx_word' id='word_1_179' title='bbox 233 2793 580 2842; x_wconf 86' lang='lat' dir='ltr'>mensuram</span> <span class='ocrx_word' id='word_1_180' title='bbox 611 2795 949 2854; x_wconf 85' lang='lat' dir='ltr'>congruere</span> <span class='ocrx_word' id='word_1_181' title='bbox 977 2775 1214 2836; x_wconf 88' lang='lat' dir='ltr'>faciunt</span> <span class='ocrx_word' id='word_1_182' title='bbox 1244 2797 1386 2836; x_wconf 90' lang='lat' dir='ltr'>cum</span> <span class='ocrx_word' id='word_1_183' title='bbox 1408 2784 1781 2836; x_wconf 83' lang='lat' dir='ltr'>mensuratO.</span> <span class='ocrx_word' id='word_1_184' title='bbox 1858 2773 1980 2833; x_wconf 92' lang='lat' dir='ltr'>De-</span> 
     </span>
     <span class='ocr_line' id='line_1_27' title="bbox 234 2868 829 2948; baseline 0.003 -21"><span class='ocrx_word' id='word_1_185' title='bbox 234 2868 344 2927; x_wconf 86' lang='lat' dir='ltr'>fini</span> <span class='ocrx_word' id='word_1_186' title='bbox 373 2889 519 2948; x_wconf 87' lang='lat' dir='ltr'>ergo</span> <span class='ocrx_word' id='word_1_187' title='bbox 550 2870 829 2948; x_wconf 87' lang='lat' dir='ltr'>aequalia.</span> 
     </span>
    </p>

    <p class='ocr_par' dir='ltr' id='par_1_6' title="bbox 237 2960 1982 3234">
     <span class='ocr_line' id='line_1_28' title="bbox 318 2960 1982 3046; baseline 0 -26"><span class='ocrx_word' id='word_1_188' title='bbox 318 2960 396 3022; x_wconf 92' lang='lat' dir='ltr'>A.</span> <span class='ocrx_word' id='word_1_189' title='bbox 441 2963 750 3044; x_wconf 78' lang='lat' dir='ltr'>AEqualia</span> <span class='ocrx_word' id='word_1_190' title='bbox 789 2972 933 3024; x_wconf 71' lang='lat' dir='ltr'>sunt</span> <span class='ocrx_word' id='word_1_191' title='bbox 973 2965 1137 3025; x_wconf 78' lang='lat' dir='ltr'>inter</span> <span class='ocrx_word' id='word_1_192' title='bbox 1175 2985 1244 3024; x_wconf 74' lang='lat' dir='ltr'><em>se</em></span> <span class='ocrx_word' id='word_1_193' title='bbox 1287 2984 1578 3046; x_wconf 78' lang='lat' dir='ltr'>corpora,</span> <span class='ocrx_word' id='word_1_194' title='bbox 1623 2984 1757 3044; x_wconf 69' lang='lat' dir='ltr'>quoe</span> <span class='ocrx_word' id='word_1_195' title='bbox 1785 2962 1982 3022; x_wconf 81' lang='lat' dir='ltr'>eidem</span> 
     </span>
     <span class='ocr_line' id='line_1_29' title="bbox 237 3051 1981 3140; baseline 0.001 -26"><span class='ocrx_word' id='word_1_196' title='bbox 237 3053 368 3115; x_wconf 81' lang='lat' dir='ltr'>loco</span> <span class='ocrx_word' id='word_1_197' title='bbox 421 3077 763 3138; x_wconf 79' lang='lat' dir='ltr'>congruere</span> <span class='ocrx_word' id='word_1_198' title='bbox 809 3068 1092 3140; x_wconf 75' lang='lat' dir='ltr'>possunt.</span> <span class='ocrx_word' id='word_1_199' title='bbox 1178 3061 1278 3131; x_wconf 90' lang='lat' dir='ltr'>Et,</span> <span class='ocrx_word' id='word_1_200' title='bbox 1337 3051 1614 3140; x_wconf 73' lang='lat' dir='ltr'>oequales</span> <span class='ocrx_word' id='word_1_201' title='bbox 1671 3058 1981 3139; x_wconf 80' lang='lat' dir='ltr'>magnitu-</span> 
     </span>
     <span class='ocr_line' id='line_1_30' title="bbox 239 3148 1786 3234; baseline 0.001 -24"><span class='ocrx_word' id='word_1_202' title='bbox 239 3148 416 3210; x_wconf 74' lang='lat' dir='ltr'>dines</span> <span class='ocrx_word' id='word_1_203' title='bbox 444 3160 586 3212; x_wconf 74' lang='lat' dir='ltr'>sunt</span> <span class='ocrx_word' id='word_1_204' title='bbox 613 3153 1069 3234; x_wconf 69' lang='lat' dir='ltr'>magnitudines</span> <span class='ocrx_word' id='word_1_205' title='bbox 1100 3153 1420 3233; x_wconf 69' lang='lat' dir='ltr'>(equalium</span> <span class='ocrx_word' id='word_1_206' title='bbox 1448 3173 1786 3234; x_wconf 74' lang='lat' dir='ltr'>corporum.</span> 
     </span>
    </p>

    <p class='ocr_par' dir='ltr' id='par_1_7' title="bbox 240 3244 1984 3517">
     <span class='ocr_line' id='line_1_31' title="bbox 324 3244 1983 3326; baseline 0.001 -24"><span class='ocrx_word' id='word_1_207' title='bbox 324 3244 406 3303; x_wconf 91' lang='lat' dir='ltr'>B.</span> <span class='ocrx_word' id='word_1_208' title='bbox 453 3245 571 3304; x_wconf 88' lang='lat' dir='ltr'>Hae</span> <span class='ocrx_word' id='word_1_209' title='bbox 621 3247 868 3324; x_wconf 89' lang='lat' dir='ltr'>quidem</span> <span class='ocrx_word' id='word_1_210' title='bbox 914 3247 1301 3308; x_wconf 85' lang='lat' dir='ltr'>definitiones</span> <span class='ocrx_word' id='word_1_211' title='bbox 1348 3257 1492 3308; x_wconf 86' lang='lat' dir='ltr'>sunt</span> <span class='ocrx_word' id='word_1_212' title='bbox 1546 3266 1875 3326; x_wconf 91' lang='lat' dir='ltr'>corporum</span> <span class='ocrx_word' id='word_1_213' title='bbox 1922 3253 1983 3304; x_wconf 91' lang='lat' dir='ltr'>et</span> 
     </span>
     <span class='ocr_line' id='line_1_32' title="bbox 240 3338 1984 3423; baseline 0.001 -27"><span class='ocrx_word' id='word_1_214' title='bbox 240 3338 734 3415; x_wconf 86' lang='lat' dir='ltr'>magnitudinum</span> <span class='ocrx_word' id='word_1_215' title='bbox 791 3342 1133 3423; x_wconf 78' lang='lat' dir='ltr'>oequalz&#39;um,</span> <span class='ocrx_word' id='word_1_216' title='bbox 1181 3364 1306 3403; x_wconf 91' lang='lat' dir='ltr'>non</span> <span class='ocrx_word' id='word_1_217' title='bbox 1365 3352 1571 3403; x_wconf 91' lang='lat' dir='ltr'>autem</span> <span class='ocrx_word' id='word_1_218' title='bbox 1628 3340 1984 3420; x_wconf 82' lang='lat' dir='ltr'>simpliciter</span> 
     </span>
     <span class='ocr_line' id='line_1_33' title="bbox 243 3431 1982 3517; baseline 0.001 -28"><span class='ocrx_word' id='word_1_219' title='bbox 243 3431 584 3511; x_wconf 78' lang='lat' dir='ltr'>oequalium.</span> <span class='ocrx_word' id='word_1_220' title='bbox 672 3434 833 3495; x_wconf 87' lang='lat' dir='ltr'>Nam</span> <span class='ocrx_word' id='word_1_221' title='bbox 888 3444 1242 3517; x_wconf 77' lang='lat' dir='ltr'>temporum,</span> <span class='ocrx_word' id='word_1_222' title='bbox 1294 3446 1575 3510; x_wconf 77' lang='lat' dir='ltr'>motuum,</span> <span class='ocrx_word' id='word_1_223' title='bbox 1619 3435 1982 3516; x_wconf 74' lang='lat' dir='ltr'>ponderum,</span> 
     </span>
    </p>
   </div>
   <div class='ocr_carea' id='block_1_3' title="bbox 244 3527 1985 3701">
    <p class='ocr_par' dir='ltr' id='par_1_8' title="bbox 244 3527 1985 3701">
     <span class='ocr_line' id='line_1_34' title="bbox 244 3527 1985 3610; baseline -0.001 -25"><span class='ocrx_word' id='word_1_224' title='bbox 244 3527 622 3606; x_wconf 86' lang='lat' dir='ltr'>aliarumque</span> <span class='ocrx_word' id='word_1_225' title='bbox 678 3548 880 3588; x_wconf 88' lang='lat' dir='ltr'>rerum</span> <span class='ocrx_word' id='word_1_226' title='bbox 951 3531 1282 3592; x_wconf 90' lang='lat' dir='ltr'>multarum</span> <span class='ocrx_word' id='word_1_227' title='bbox 1341 3532 1698 3610; x_wconf 77' lang='lat' dir='ltr'>aequalitati,</span> <span class='ocrx_word' id='word_1_228' title='bbox 1767 3536 1985 3587; x_wconf 88' lang='lat' dir='ltr'>neutra</span> 
     </span>
     <span class='ocr_line' id='line_1_35' title="bbox 247 3621 1028 3701; baseline 0.004 -20"><span class='ocrx_word' id='word_1_229' title='bbox 247 3641 454 3681; x_wconf 90' lang='lat' dir='ltr'>earum</span> <span class='ocrx_word' id='word_1_230' title='bbox 486 3621 778 3700; x_wconf 87' lang='lat' dir='ltr'>applicari</span> <span class='ocrx_word' id='word_1_231' title='bbox 806 3633 1028 3701; x_wconf 83' lang='lat' dir='ltr'>potest.</span> 
     </span>
    </p>
   </div>
  </div>
 </body>
</html>
