2462 4120
573 301 692 366 376
947 318 1036 360 DE
1069 318 1573 362 MAGNITUDINE
1609 318 1910 363 cuonLI.

254 478 393 510 PROP.
421 480 505 512 xv.
573 454 853 536 quadrati
882 466 945 517 et
974 459 1186 518 circuli
1216 460 1567 539 aequalibus.
1656 461 1763 520 Sin
1795 459 2099 519 dictorum
2128 458 2298 518 trila-

570 562 841 611 terorum
872 553 1230 612 alterutrum
1260 555 1452 615 altero
1484 555 1678 633 majus
1714 555 1811 627 sit,
1859 553 2119 613 circulus
2148 572 2298 631 qua-

571 646 750 704 drato
781 645 1093 725 inaequalis
1124 648 1256 707 erit.

658 740 1081 819 Supponamus
1114 762 1257 821 ergo
1294 742 1633 801 trilaterum
1666 742 1912 819 quidem
1942 749 2301 801 contentum

573 834 806 893 duabus
836 835 1016 894 rectis
1046 836 1171 909 AE,
1204 836 1319 894 AR
1347 845 1410 894 et
1439 855 1585 894 arcu
1616 836 1726 894 ER
1753 837 1948 914 majus
1979 855 2110 895 esse
2132 833 2301 894 trila-

571 939 703 988 tero
732 930 902 1002 EFT,
936 939 1223 989 contento
1276 930 1509 988 duabus
1549 929 1734 988 rectis
1763 931 1882 1002 EF,
1915 930 2031 1003 FT,
2062 940 2126 988 et
2154 948 2302 988 arcu

573 1024 714 1082 ET:
760 1023 848 1082 illi
887 1032 1088 1082 autem
1136 1023 1368 1101 aequale
1412 1042 1543 1082 esse
1588 1023 1933 1082 trilaterum
1962 1025 2124 1095 Aer,
2157 1042 2302 1082 con-

572 1128 812 1177 tentum
843 1118 1076 1176 duabus
1105 1117 1287 1176 rectis
1308 1117 1423 1189 Ae,
1449 1117 1548 1175 Ar
1570 1127 1632 1175 et
1654 1137 1802 1176 arcu
1823 1138 1920 1176 re.
1991 1118 2126 1176 Erit
2155 1137 2301 1195 ergo

570 1221 742 1271 recta
771 1212 878 1271 ΑΕ
912 1213 1107 1289 major
1137 1230 1318 1290 quam
1348 1211 1467 1283 Ae,
1499 1222 1560 1269 et
1593 1211 1706 1269 AR
1733 1211 1930 1288 major
1970 1231 2151 1289 quam
2180 1211 2298 1270 Αν.

573 1308 653 1366 Et
682 1315 851 1366 recta
881 1305 991 1364 Hr
1020 1306 1215 1383 major
1257 1324 1440 1382 quam
1479 1305 1612 1376 HT,
1644 1315 1706 1363 et
1758 1324 1936 1364 arcus
1987 1305 2200 1364 circuli
2227 1325 2305 1363 re

573 1422 698 1460 non
727 1402 923 1478 major
953 1420 1135 1478 quam
1164 1418 1340 1457 arcus
1372 1399 1495 1457 RE.
1586 1399 1783 1458 Arcus
1828 1408 2034 1459 autem
2055 1418 2135 1458 re
2162 1419 2304 1478 pro-

575 1497 833 1555 ducatur
864 1494 1056 1553 donec
1087 1503 1369 1552 occurrat
1398 1492 1714 1572 productae
1746 1494 1862 1552 HT
1884 1493 1948 1552 in
1971 1501 2014 1552 t.
2090 1493 2304 1572 Itaque

573 1591 915 1648 trilaterum
946 1597 1305 1647 contentum
1331 1586 1564 1646 duabus
1594 1587 1778 1646 rectis
1799 1587 1907 1659 eF,
1932 1587 2034 1660 Ft,
2066 1597 2127 1646 et
2157 1606 2306 1646 arcu

574 1692 661 1755 et,
691 1683 883 1742 multo
929 1684 1123 1760 major
1174 1683 1289 1741 erit
1337 1702 1518 1759 quam
1561 1682 1903 1741 trilaterum
1946 1690 2306 1741 contentum

577 1779 809 1836 duabus
855 1778 1039 1836 rectis
1071 1778 1189 1849 EF,
1223 1778 1337 1849 FT,
1370 1787 1432 1836 et
1463 1797 1610 1836 arcu
1638 1777 1759 1836 ET.
1851 1777 2057 1838 Quare
2104 1785 2306 1836 sector

577 1874 722 1931 Hrt
751 1873 937 1931 totius
968 1872 1177 1931 circuli
1207 1892 1347 1950 pars
1379 1881 1597 1931 octava
1642 1882 1890 1950 superat
1932 1871 2306 1950 triangulum

575 1967 766 2040 AHF,
798 1977 1076 2027 octavam
1117 1977 1355 2045 partem
1398 1965 1681 2045 quadrati
1709 1966 1954 2038 ABCD,
1984 1966 2308 2045 plusquam

575 2062 949 2139 triangulum
978 2061 1153 2121 AHT
1192 2070 1513 2139 superatur
1557 2080 1592 2119 a
1631 2070 1868 2119 sectore
1897 2060 2112 2119 eodem
2143 2061 2305 2119 Hrt.

577 2155 854 2215 Circulus
880 2176 1025 2234 ergo
1055 2175 1165 2233 per
1187 2174 1241 2227 ν,
1263 2176 1316 2227 e,
1341 2162 1365 2212 t
1392 2156 1588 2232 major
1616 2164 1707 2213 est
1731 2174 1912 2232 quam
1943 2154 2308 2233 quadratum

574 2249 818 2309 ABDC.
866 2250 1158 2309 Similiter
1181 2249 1419 2308 ostendi
1442 2258 1664 2327 potest,
1697 2248 1746 2307 si
1775 2248 2118 2308 trilaterum
2140 2249 2309 2308 AER

573 2355 906 2422 poneretur
951 2344 1150 2403 minus
1181 2363 1312 2403 esse
1343 2343 1618 2402 trilatero
1648 2343 1800 2402 EFT
1819 2351 1892 2402 ¹et
1927 2343 2062 2422 (per
2094 2362 2308 2402 conse-

577 2439 796 2517 quens)
835 2438 942 2496 Hr
971 2438 1172 2496 minor
1198 2458 1381 2515 quam
1415 2437 1554 2509 HR,
1598 2436 1891 2496 circulum
1933 2436 2308 2515 descriptum

577 2534 748 2593 radio
783 2534 891 2591 Ην
919 2533 1217 2591 minorem
1265 2532 1395 2591 fore
1449 2551 1632 2609 quam
1676 2531 2041 2609 quadratum
2066 2530 2305 2590 ABDC.

580 2629 738 2687 Sunt
789 2648 933 2706 ergo
981 2627 1235 2704 aequalia
1286 2626 1447 2684 inter
1488 2645 1551 2684 se
1587 2625 1950 2704 quadratum
1981 2625 2202 2684 ABDC
2246 2634 2308 2684 et

578 2723 839 2781 circulus
887 2723 1057 2800 cujus
1109 2721 1556 2780 semidiameter
1601 2730 1692 2779 est
1741 2721 1881 2778 HR.
1969 2720 2128 2780 Dato
2159 2739 2307 2798 ergo

579 2816 874 2895 quadrato
905 2816 1165 2875 circulus
1195 2815 1477 2874 inventus
1508 2823 1598 2873 est
1627 2814 1894 2894 aequaliS.

1142 3001 1547 3042 PROPOSITIO
1589 3000 1738 3041 XVI.

657 3099 819 3158 Dato
853 3098 1079 3157 circulo
1111 3099 1342 3176 aequale
1371 3098 1644 3156 invenire
1673 3096 2058 3176 quadratum.

660 3193 902 3252 Circulo
931 3212 1040 3271 per
1071 3193 1143 3264 R,
1168 3193 1237 3264 T,
1262 3194 1302 3252 S
1332 3192 1764 3251 inveniendum
1794 3191 1872 3250 sit
1900 3189 2130 3269 aequale
2159 3210 2308 3269 qua-

579 3289 856 3347 dratum:
902 3288 980 3345 sit
1019 3286 1195 3344 datus
1238 3287 1499 3345 circulus
1543 3307 1652 3365 per
1690 3286 1767 3358 R,
1785 3286 1855 3357 T,
1875 3286 1946 3345 G.
2033 3284 2310 3343 Ducatur

575 3402 686 3461 per
730 3382 782 3440 T
830 3381 991 3440 latus
1037 3401 1227 3439 unum
1257 3381 1538 3459 quadrati
1582 3381 1762 3454 illius,
1804 3379 1968 3458 quod
2013 3377 2307 3438 circulum

577 3474 1038 3548 circumscribit,
1063 3494 1279 3552 nempe
1298 3475 1434 3548 XV,
1454 3474 1883 3553 ,dividaturque
1900 3473 2006 3533 TV
2027 3471 2305 3533 bifariam
