2462 4120
652 331 742 373 DE
774 329 1279 372 MAGNITUDINE
1316 329 1618 372 cineum.
1873 316 1991 382 373

266 468 636 531 indivisibile
652 491 677 537 ;
735 477 796 528 et
837 476 1180 547 propterea,
1229 476 1515 542 sectoreS,
1574 478 1636 529 et
1690 470 1997 549 triangula
2052 492 2321 529 senonum.

264 575 326 626 et
374 564 730 643 rectangula
766 563 1021 632 minuta,
1052 582 1163 641 pro
1204 562 1379 622 lineis
1425 565 1610 623 rectis
1653 566 1995 643 promiscue
2061 549 2300 580 ψ

264 678 500 738 semper
521 658 910 725 numeravit;
957 657 1117 716 adeo·
1143 664 1212 715 ut
1252 656 1639 716 Elementum
1671 658 1993 733 decimum,

262 753 492 832 ingenii
522 751 768 831 quidem
796 751 1004 830 magni
1049 750 1376 829 specimen,
1409 751 1517 810 sed
1543 751 1780 826 inutile,
1811 755 1994 813 etiam

260 867 484 927 magna
510 855 690 926 parte
714 846 1018 906 incertum
1048 843 1340 904 reddidit.

763 1036 1249 1079 CONSTRUCTIO
1311 1036 1499 1078 CUBI.

348 1135 441 1196 Sit
498 1134 642 1195 data
698 1143 866 1195 recta
918 1153 1298 1214 quaecunque
1339 1133 1468 1194 AG.
1557 1133 2000 1215 Descriptoque

264 1231 339 1290 ab
379 1250 453 1290 ea
497 1229 795 1309 quadrato
844 1229 1104 1289 ducatur
1157 1228 1496 1308 diagonalis
1527 1227 1635 1302 ΑΙ,
1675 1231 1847 1308 cujus
1890 1250 1999 1308 po-

263 1325 460 1385 tentia
502 1324 688 1404 dupla
728 1334 821 1383 est
862 1323 1157 1402 potentiae
1199 1323 1410 1382 lateris
1449 1322 1578 1381 AG.
1666 1323 1920 1397 RursuS‚
1965 1344 1999 1384 e

263 1428 436 1479 recta
486 1420 564 1478 ad
609 1428 905 1498 punctum
958 1419 986 1477 Ι
1039 1418 1312 1496 erigatur
1354 1417 1875 1496 perpendicularis
1921 1419 2000 1498 Ιγ

265 1513 516 1593 aequalis
564 1514 742 1572 lateri
779 1513 908 1586 AG,
950 1515 1364 1592 jungaturque
1396 1512 1535 1592 Ay:
1580 1512 1812 1591 poterit
1852 1533 2003 1591 ergo

265 1610 370 1689 Αγ
399 1609 650 1688 triplum
680 1609 809 1687 ejus
831 1607 992 1686 quod
1022 1616 1226 1687 potest
1248 1607 1384 1667 AG.
1449 1607 1705 1685 Eritque
1736 1607 1999 1666 circulus

266 1704 606 1782 descriptus
655 1703 730 1762 ab
779 1702 1078 1762 diametro
1108 1701 1233 1782 Ay,
1280 1701 1543 1760 circulus
1589 1701 1890 1760 maximus
1936 1702 2001 1761 in

266 1800 504 1878 sphaera
524 1799 588 1857 in
610 1818 731 1877 quo
762 1797 1114 1857 inscribitur
1136 1797 1327 1855 cubus
1352 1797 1523 1875 cujus
1552 1797 1712 1856 latus
1733 1806 1825 1855 est
1849 1797 1998 1856 AG:

267 1894 601 1971 eademque
648 1891 897 1971 aequalis
942 1899 1127 1950 rectae
1167 1891 1274 1950 FK
1304 1891 1402 1950 vel
1450 1891 1570 1963 Gk,
1612 1911 1747 1970 quae
1784 1891 2000 1950 itidem

263 1996 466 2067 potest
521 1987 773 2066 triplum
825 1988 955 2066 ejus
1010 1985 1174 2064 quod
1220 1994 1424 2064 potest
1468 1985 1595 2046 AG.
1710 1985 2005 2046 Similiter

264 2081 631 2162 quadratum
662 2102 698 2140 a
728 2081 831 2140 CL
858 2080 1042 2139 tertia
1081 2099 1222 2159 pars
1274 2089 1368 2139 est
1408 2079 1691 2158 quadrati
1719 2100 1756 2139 a
1786 2080 1907 2152 BC,
1940 2089 2003 2139 et

266 2174 371 2235 BC
402 2175 699 2235 diameter
731 2174 986 2254 sphaerae
1008 2174 1072 2232 in
1098 2193 1218 2251 qua
1237 2174 1428 2232 cubus
1452 2194 1488 2232 a
1508 2174 1613 2233 CL
1630 2174 2000 2233 inscribitur.

270 2270 426 2331 Quae
454 2269 770 2350 proportio
800 2267 1226 2327 universaliter
1254 2288 1401 2327 vera
1445 2277 1538 2327 est
1579 2268 1643 2327 in
1688 2269 1854 2328 omni
1893 2269 2005 2328 tri-

268 2365 493 2444 angulo
543 2363 923 2443 rectanguIO‚
965 2365 1135 2441 cujus
1183 2363 1440 2441 angulus
1491 2383 1649 2423 unus
1690 2372 1782 2423 est
1820 2363 2006 2423 tertia

268 2479 408 2538 pars
438 2459 610 2518 recti.
698 2458 912 2537 Itaque
936 2457 1038 2516 DS
1062 2457 1315 2535 triplum
1342 2465 1546 2536 potest
1569 2468 1755 2517 rectae
1787 2457 1884 2516 SO
1908 2457 2005 2515 vel

271 2553 419 2623 RV3
479 2563 541 2613 et
593 2553 706 2612 Do
760 2561 966 2631 potest
1016 2551 1285 2631 ejusdem
1335 2552 1761 2631 quadruplum.
1848 2552 2006 2611 Item

273 2647 384 2707 AO
416 2647 668 2726 triplum
696 2655 901 2726 potest
933 2647 1063 2725 ejus
1095 2647 1258 2725 quod
1288 2657 1493 2726 potest
1524 2649 1649 2722 OC,
1680 2656 2007 2727 propterea

275 2741 440 2819 quod
468 2751 559 2800 est
587 2751 657 2800 ut
687 2742 798 2801 AO
829 2741 908 2801 ad
936 2741 1058 2814 DS,
1088 2742 1178 2800 ita
1209 2741 1312 2802 CO
1343 2741 1422 2801 ad
1447 2742 1547 2802 SO
1570 2743 1666 2802 vel
1698 2742 1810 2802 SC.

855 2926 1269 2969 PROPOSITIO
1303 2928 1434 2968 XII.

361 3023 556 3081 Arcus
587 3021 940 3100 quadrantis
972 3023 1080 3082 BD
1112 3025 1360 3102 aequalis
1391 3034 1484 3084 est
1513 3024 1691 3084 lateri
1723 3024 1862 3084 cubi
1892 3022 2009 3082 cir-

280 3116 651 3193 cumscripti,
682 3135 806 3174 una
834 3136 973 3174 cum
1017 3117 1208 3177 latere
1249 3119 1390 3177 cubi
1427 3119 1723 3197 inscripti,
1757 3119 2009 3196 sphaerae

281 3213 453 3290 cujus
501 3209 795 3268 diameter
845 3211 1093 3288 aequalis
1146 3221 1238 3270 est
1283 3223 1470 3272 rectae
1519 3213 1644 3271 BC.
1733 3211 1797 3270 Si
1847 3210 2009 3268 enim

283 3304 622 3381 descriptus
652 3302 1030 3380 intelligatur
1074 3305 1336 3366 circulus
1368 3316 1580 3366 centro
1613 3307 1659 3378 Ι,
1690 3304 2009 3364 intervallo

285 3400 411 3466 IE;
458 3408 521 3456 et
564 3397 754 3456 cubus
794 3399 966 3476 cujus
1011 3418 1198 3458 unum
1240 3401 1602 3478 quadratum
1635 3408 1725 3458 est
1747 3397 2007 3455 ABCD:

285 3491 547 3552 circulus
571 3491 911 3569 descriptus
938 3500 1148 3551 centro
1178 3494 1207 3552 I
1237 3494 1407 3554 radio
1439 3495 1527 3553 IE
1558 3494 1607 3553 si
1637 3491 2014 3569 intelligatur
