<?xml version="1.0" encoding="UTF-8"?>
<!DOCTYPE html PUBLIC "-//W3C//DTD XHTML 1.0 Transitional//EN"
    "http://www.w3.org/TR/xhtml1/DTD/xhtml1-transitional.dtd">
<html xmlns="http://www.w3.org/1999/xhtml" xml:lang="en" lang="en">
 <head>
  <title>
</title>
<meta http-equiv="Content-Type" content="text/html;charset=utf-8" />
  <meta name='ocr-system' content='tesseract 3.04.00' />
  <meta name='ocr-capabilities' content='ocr_page ocr_carea ocr_par ocr_line ocrx_word'/>
</head>
<body>
  <div class='ocr_page' id='page_1' title='image "./operaphilosophic04hobbuoft_0401.png"; bbox 0 0 2462 4120; ppageno 0'>
   <div class='ocr_carea' id='block_1_1' title="bbox 625 1121 1713 1192">
    <p class='ocr_par' dir='ltr' id='par_1_1' title="bbox 625 1121 1713 1192">
     <span class='ocr_line' id='line_1_1' title="bbox 625 1121 1713 1192; baseline -0.005 0"><span class='ocrx_word' id='word_1_1' title='bbox 625 1122 1026 1192; x_wconf 88' lang='lat' dir='ltr'>CONTRA</span> <span class='ocrx_word' id='word_1_2' title='bbox 1081 1121 1713 1190; x_wconf 86' lang='lat' dir='ltr'><strong>GEOMETRAS.</strong></span> 
     </span>
    </p>
   </div>
   <div class='ocr_carea' id='block_1_2' title="bbox 1010 1382 1339 1403">
    <p class='ocr_par' dir='ltr' id='par_1_2' title="bbox 1010 1382 1339 1403">
     <span class='ocr_line' id='line_1_2' title="bbox 1011 1382 1339 1390; baseline -0.003 -1"><span class='ocrx_word' id='word_1_3' title='bbox 1011 1382 1339 1390; x_wconf 68' lang='lat'><em>--—.———-—-</em></span> 
     </span>
     <span class='ocr_line' id='line_1_3' title="bbox 1010 1395 1339 1403; baseline -0.006 0"><span class='ocrx_word' id='word_1_4' title='bbox 1010 1395 1339 1403; x_wconf 78' lang='lat'>——-</span> 
     </span>
    </p>
   </div>
   <div class='ocr_carea' id='block_1_3' title="bbox 296 1572 2043 3717">
    <p class='ocr_par' dir='ltr' id='par_1_3' title="bbox 296 1572 2042 2102">
     <span class='ocr_line' id='line_1_4' title="bbox 390 1572 2040 1652; baseline -0.004 -19"><span class='ocrx_word' id='word_1_5' title='bbox 390 1572 675 1633; x_wconf 82' lang='lat' dir='ltr'>CONTRA</span> <span class='ocrx_word' id='word_1_6' title='bbox 725 1581 1089 1652; x_wconf 80' lang='lat' dir='ltr'>geometraS,</span> <span class='ocrx_word' id='word_1_7' title='bbox 1143 1572 1336 1632; x_wconf 84' lang='lat' dir='ltr'>amice</span> <span class='ocrx_word' id='word_1_8' title='bbox 1393 1572 1603 1640; x_wconf 87' lang='lat' dir='ltr'>lector,</span> <span class='ocrx_word' id='word_1_9' title='bbox 1653 1589 1778 1629; x_wconf 88' lang='lat' dir='ltr'>non</span> <span class='ocrx_word' id='word_1_10' title='bbox 1825 1578 2040 1628; x_wconf 89' lang='lat' dir='ltr'>contra</span> 
     </span>
     <span class='ocr_line' id='line_1_5' title="bbox 305 1664 2042 1746; baseline -0.003 -20"><span class='ocrx_word' id='word_1_11' title='bbox 305 1667 704 1746; x_wconf 82' lang='lat' dir='ltr'>geometriam</span> <span class='ocrx_word' id='word_1_12' title='bbox 763 1667 896 1726; x_wconf 86' lang='lat' dir='ltr'>haec</span> <span class='ocrx_word' id='word_1_13' title='bbox 956 1667 1172 1726; x_wconf 89' lang='lat' dir='ltr'>scribo.</span> <span class='ocrx_word' id='word_1_14' title='bbox 1280 1667 1497 1726; x_wconf 86' lang='lat' dir='ltr'>Artem</span> <span class='ocrx_word' id='word_1_15' title='bbox 1553 1666 1768 1744; x_wconf 85' lang='lat' dir='ltr'>ipsam,</span> <span class='ocrx_word' id='word_1_16' title='bbox 1816 1664 2042 1723; x_wconf 87' lang='lat' dir='ltr'>artium</span> 
     </span>
     <span class='ocr_line' id='line_1_6' title="bbox 307 1757 2042 1839; baseline -0.002 -19"><span class='ocrx_word' id='word_1_17' title='bbox 307 1761 655 1839; x_wconf 87' lang='lat' dir='ltr'>navigandi,</span> <span class='ocrx_word' id='word_1_18' title='bbox 715 1761 1079 1833; x_wconf 88' lang='lat' dir='ltr'>aedificandi,</span> <span class='ocrx_word' id='word_1_19' title='bbox 1138 1759 1450 1839; x_wconf 89' lang='lat' dir='ltr'>pingendi,</span> <span class='ocrx_word' id='word_1_20' title='bbox 1504 1757 1919 1836; x_wconf 86' lang='lat' dir='ltr'>computandi,</span> <span class='ocrx_word' id='word_1_21' title='bbox 1980 1766 2042 1816; x_wconf 93' lang='lat' dir='ltr'>et</span> 
     </span>
     <span class='ocr_line' id='line_1_7' title="bbox 296 1851 2041 1933; baseline -0.002 -19"><span class='ocrx_word' id='word_1_22' title='bbox 296 1854 569 1933; x_wconf 89' lang='lat' dir='ltr'>denique</span> <span class='ocrx_word' id='word_1_23' title='bbox 625 1855 920 1927; x_wconf 87' lang='lat' dir='ltr'>(scientiae</span> <span class='ocrx_word' id='word_1_24' title='bbox 972 1855 1245 1914; x_wconf 93' lang='lat' dir='ltr'>omnium</span> <span class='ocrx_word' id='word_1_25' title='bbox 1302 1854 1720 1929; x_wconf 84' lang='lat' dir='ltr'>nobilissimae)</span> <span class='ocrx_word' id='word_1_26' title='bbox 1773 1851 2041 1931; x_wconf 87' lang='lat' dir='ltr'>physicae</span> 
     </span>
     <span class='ocr_line' id='line_1_8' title="bbox 305 1946 2042 2028; baseline -0.001 -22"><span class='ocrx_word' id='word_1_27' title='bbox 305 1958 584 2022; x_wconf 87' lang='lat' dir='ltr'>matrem,</span> <span class='ocrx_word' id='word_1_28' title='bbox 610 1969 783 2028; x_wconf 88' lang='lat' dir='ltr'>aeque</span> <span class='ocrx_word' id='word_1_29' title='bbox 813 1969 884 2008; x_wconf 90' lang='lat' dir='ltr'>ac</span> <span class='ocrx_word' id='word_1_30' title='bbox 904 1949 1008 2028; x_wconf 94' lang='lat' dir='ltr'>qui</span> <span class='ocrx_word' id='word_1_31' title='bbox 1036 1948 1298 2007; x_wconf 89' lang='lat' dir='ltr'>maxime</span> <span class='ocrx_word' id='word_1_32' title='bbox 1326 1947 1606 2007; x_wconf 87' lang='lat' dir='ltr'>laudibus</span> <span class='ocrx_word' id='word_1_33' title='bbox 1631 1946 2042 2007; x_wconf 86' lang='lat' dir='ltr'>extollendam</span> 
     </span>
     <span class='ocr_line' id='line_1_9' title="bbox 306 2061 544 2102; baseline -0.004 0"><span class='ocrx_word' id='word_1_34' title='bbox 306 2061 544 2102; x_wconf 88' lang='lat' dir='ltr'>cense0.</span> 
     </span>
    </p>

    <p class='ocr_par' dir='ltr' id='par_1_4' title="bbox 301 2135 2043 3717">
     <span class='ocr_line' id='line_1_10' title="bbox 304 2135 2043 2215; baseline -0.001 -20"><span class='ocrx_word' id='word_1_35' title='bbox 304 2187 307 2189; x_wconf 14' lang='grc' dir='ltr'><strong>Α</strong></span> <span class='ocrx_word' id='word_1_36' title='bbox 391 2137 700 2197; x_wconf 81' lang='lat' dir='ltr'>Caeterum</span> <span class='ocrx_word' id='word_1_37' title='bbox 730 2137 834 2196; x_wconf 92' lang='lat' dir='ltr'>ubi</span> <span class='ocrx_word' id='word_1_38' title='bbox 863 2145 1194 2215; x_wconf 83' lang='lat' dir='ltr'>geometrae</span> <span class='ocrx_word' id='word_1_39' title='bbox 1214 2135 1503 2195; x_wconf 83' lang='lat' dir='ltr'>encomiis</span> <span class='ocrx_word' id='word_1_40' title='bbox 1530 2135 1677 2195; x_wconf 90' lang='lat' dir='ltr'>artis</span> <span class='ocrx_word' id='word_1_41' title='bbox 1698 2155 1880 2214; x_wconf 92' lang='lat' dir='ltr'>quam</span> <span class='ocrx_word' id='word_1_42' title='bbox 1902 2155 2043 2214; x_wconf 89' lang='lat' dir='ltr'>pro-</span> 
     </span>
     <span class='ocr_line' id='line_1_11' title="bbox 306 2230 2042 2311; baseline -0.002 -20"><span class='ocrx_word' id='word_1_43' title='bbox 306 2233 575 2305; x_wconf 83' lang='lat' dir='ltr'>fitentur,</span> <span class='ocrx_word' id='word_1_44' title='bbox 616 2232 898 2311; x_wconf 90' lang='lat' dir='ltr'>imperite</span> <span class='ocrx_word' id='word_1_45' title='bbox 944 2252 1022 2291; x_wconf 88' lang='lat' dir='ltr'>an</span> <span class='ocrx_word' id='word_1_46' title='bbox 1070 2240 1266 2290; x_wconf 89' lang='lat' dir='ltr'>astute</span> <span class='ocrx_word' id='word_1_47' title='bbox 1313 2230 1540 2298; x_wconf 85' lang='lat' dir='ltr'>nesci0,</span> <span class='ocrx_word' id='word_1_48' title='bbox 1580 2250 1719 2289; x_wconf 92' lang='lat' dir='ltr'>suas</span> <span class='ocrx_word' id='word_1_49' title='bbox 1770 2230 2042 2308; x_wconf 88' lang='lat' dir='ltr'>ipsorum</span> 
     </span>
     <span class='ocr_line' id='line_1_12' title="bbox 305 2324 2042 2403; baseline -0.002 -18"><span class='ocrx_word' id='word_1_50' title='bbox 305 2325 517 2385; x_wconf 86' lang='lat' dir='ltr'>laudes</span> <span class='ocrx_word' id='word_1_51' title='bbox 566 2327 932 2395; x_wconf 89' lang='lat' dir='ltr'>immiscent,</span> <span class='ocrx_word' id='word_1_52' title='bbox 962 2326 1197 2385; x_wconf 90' lang='lat' dir='ltr'>licitum</span> <span class='ocrx_word' id='word_1_53' title='bbox 1245 2325 1412 2396; x_wconf 83' lang='lat' dir='ltr'>mihi,</span> <span class='ocrx_word' id='word_1_54' title='bbox 1444 2335 1617 2403; x_wconf 90' lang='lat' dir='ltr'>puto,</span> <span class='ocrx_word' id='word_1_55' title='bbox 1663 2325 1780 2383; x_wconf 90' lang='lat' dir='ltr'>erit</span> <span class='ocrx_word' id='word_1_56' title='bbox 1828 2324 2042 2383; x_wconf 86' lang='lat' dir='ltr'>distin-</span> 
     </span>
     <span class='ocr_line' id='line_1_13' title="bbox 301 2417 2042 2497; baseline -0.002 -18"><span class='ocrx_word' id='word_1_57' title='bbox 301 2439 513 2497; x_wconf 89' lang='lat' dir='ltr'>guere.</span> <span class='ocrx_word' id='word_1_58' title='bbox 603 2420 928 2480; x_wconf 74' lang='lat' dir='ltr'>Quomodo</span> <span class='ocrx_word' id='word_1_59' title='bbox 976 2429 1179 2479; x_wconf 87' lang='lat' dir='ltr'>autem</span> <span class='ocrx_word' id='word_1_60' title='bbox 1222 2419 1540 2478; x_wconf 90' lang='lat' dir='ltr'>scientiam</span> <span class='ocrx_word' id='word_1_61' title='bbox 1585 2419 1744 2478; x_wconf 88' lang='lat' dir='ltr'>hanc</span> <span class='ocrx_word' id='word_1_62' title='bbox 1794 2417 2042 2477; x_wconf 89' lang='lat' dir='ltr'>laudare</span> 
     </span>
     <span class='ocr_line' id='line_1_14' title="bbox 305 2513 2043 2592; baseline -0.001 -21"><span class='ocrx_word' id='word_1_63' title='bbox 305 2513 541 2572; x_wconf 84' lang='lat' dir='ltr'>soleant</span> <span class='ocrx_word' id='word_1_64' title='bbox 569 2514 845 2592; x_wconf 81' lang='lat' dir='ltr'>magistri</span> <span class='ocrx_word' id='word_1_65' title='bbox 870 2516 1018 2592; x_wconf 84' lang='lat' dir='ltr'>ejuS‚</span> <span class='ocrx_word' id='word_1_66' title='bbox 1047 2534 1120 2573; x_wconf 87' lang='lat' dir='ltr'>ex</span> <span class='ocrx_word' id='word_1_67' title='bbox 1150 2534 1274 2573; x_wconf 91' lang='lat' dir='ltr'>uno</span> <span class='ocrx_word' id='word_1_68' title='bbox 1300 2514 1508 2573; x_wconf 89' lang='lat' dir='ltr'>Clavio</span> <span class='ocrx_word' id='word_1_69' title='bbox 1540 2513 1882 2590; x_wconf 90' lang='lat' dir='ltr'>intelligere</span> <span class='ocrx_word' id='word_1_70' title='bbox 1905 2531 2043 2590; x_wconf 91' lang='lat' dir='ltr'>pos-</span> 
     </span>
     <span class='ocr_line' id='line_1_15' title="bbox 309 2606 2041 2687; baseline -0.001 -22"><span class='ocrx_word' id='word_1_71' title='bbox 309 2625 535 2678; x_wconf 87' lang='lat' dir='ltr'>sumus,</span> <span class='ocrx_word' id='word_1_72' title='bbox 566 2607 855 2667; x_wconf 85' lang='lat' dir='ltr'>laudante</span> <span class='ocrx_word' id='word_1_73' title='bbox 895 2609 1062 2667; x_wconf 92' lang='lat' dir='ltr'>illam</span> <span class='ocrx_word' id='word_1_74' title='bbox 1109 2609 1172 2667; x_wconf 92' lang='lat' dir='ltr'>in</span> <span class='ocrx_word' id='word_1_75' title='bbox 1218 2608 1669 2687; x_wconf 89' lang='lat' dir='ltr'>Prolegomenis</span> <span class='ocrx_word' id='word_1_76' title='bbox 1714 2607 1794 2666; x_wconf 87' lang='lat' dir='ltr'>ad</span> <span class='ocrx_word' id='word_1_77' title='bbox 1837 2606 2041 2665; x_wconf 91' lang='lat' dir='ltr'>Eucli-</span> 
     </span>
     <span class='ocr_line' id='line_1_16' title="bbox 311 2699 2042 2780; baseline -0.001 -22"><span class='ocrx_word' id='word_1_78' title='bbox 311 2699 448 2758; x_wconf 90' lang='lat' dir='ltr'>dem</span> <span class='ocrx_word' id='word_1_79' title='bbox 477 2700 593 2759; x_wconf 89' lang='lat' dir='ltr'>hoc</span> <span class='ocrx_word' id='word_1_80' title='bbox 621 2701 842 2760; x_wconf 87' lang='lat' dir='ltr'>modo:</span> <span class='ocrx_word' id='word_1_81' title='bbox 888 2706 927 2732; x_wconf 73' lang='lat'>‘⁶</span> <span class='ocrx_word' id='word_1_82' title='bbox 948 2702 1013 2762; x_wconf 89' lang='lat' dir='ltr'>Si</span> <span class='ocrx_word' id='word_1_83' title='bbox 1043 2722 1187 2761; x_wconf 90' lang='lat' dir='ltr'>vero</span> <span class='ocrx_word' id='word_1_84' title='bbox 1219 2702 1503 2760; x_wconf 89' lang='lat' dir='ltr'>nobilitas</span> <span class='ocrx_word' id='word_1_85' title='bbox 1535 2711 1720 2780; x_wconf 91' lang='lat' dir='ltr'>atque</span> <span class='ocrx_word' id='word_1_86' title='bbox 1749 2709 2042 2778; x_wconf 87' lang='lat' dir='ltr'>praestan-</span> 
     </span>
     <span class='ocr_line' id='line_1_17' title="bbox 309 2793 2040 2872; baseline 0 -21"><span class='ocrx_word' id='word_1_87' title='bbox 309 2793 399 2851; x_wconf 87' lang='lat' dir='ltr'>tia</span> <span class='ocrx_word' id='word_1_88' title='bbox 427 2793 694 2853; x_wconf 85' lang='lat' dir='ltr'>scientiae</span> <span class='ocrx_word' id='word_1_89' title='bbox 725 2814 799 2853; x_wconf 88' lang='lat' dir='ltr'>ex</span> <span class='ocrx_word' id='word_1_90' title='bbox 823 2795 1189 2854; x_wconf 88' lang='lat' dir='ltr'>certitudine</span> <span class='ocrx_word' id='word_1_91' title='bbox 1215 2795 1803 2854; x_wconf 88' lang='lat' dir='ltr'>demonstrationum</span> <span class='ocrx_word' id='word_1_92' title='bbox 1823 2794 2040 2872; x_wconf 90' lang='lat' dir='ltr'>quibus</span> 
     </span>
     <span class='ocr_line' id='line_1_18' title="bbox 309 2886 2040 2965; baseline 0 -20"><span class='ocrx_word' id='word_1_93' title='bbox 309 2886 523 2955; x_wconf 90' lang='lat' dir='ltr'>utitur,</span> <span class='ocrx_word' id='word_1_94' title='bbox 569 2887 649 2946; x_wconf 93' lang='lat' dir='ltr'>sit</span> <span class='ocrx_word' id='word_1_95' title='bbox 698 2888 1068 2965; x_wconf 86' lang='lat' dir='ltr'>judicanda:</span> <span class='ocrx_word' id='word_1_96' title='bbox 1128 2889 1294 2948; x_wconf 89' lang='lat' dir='ltr'>haud</span> <span class='ocrx_word' id='word_1_97' title='bbox 1354 2889 1538 2947; x_wconf 90' lang='lat' dir='ltr'>dubio</span> <span class='ocrx_word' id='word_1_98' title='bbox 1595 2887 2040 2947; x_wconf 87' lang='lat' dir='ltr'>mathematicae</span> 
     </span>
     <span class='ocr_line' id='line_1_19' title="bbox 313 2979 2042 3062; baseline 0 -24"><span class='ocrx_word' id='word_1_99' title='bbox 313 2979 644 3058; x_wconf 85' lang='lat' dir='ltr'>disciplinae</span> <span class='ocrx_word' id='word_1_100' title='bbox 673 2981 831 3040; x_wconf 88' lang='lat' dir='ltr'>inter</span> <span class='ocrx_word' id='word_1_101' title='bbox 856 2993 1106 3042; x_wconf 87' lang='lat' dir='ltr'>caeteras</span> <span class='ocrx_word' id='word_1_102' title='bbox 1137 3002 1345 3042; x_wconf 91' lang='lat' dir='ltr'>omnes</span> <span class='ocrx_word' id='word_1_103' title='bbox 1369 2983 1706 3062; x_wconf 87' lang='lat' dir='ltr'>principem</span> <span class='ocrx_word' id='word_1_104' title='bbox 1729 2982 2042 3041; x_wconf 86' lang='lat' dir='ltr'>habebunt</span> 
     </span>
     <span class='ocr_line' id='line_1_20' title="bbox 311 3073 2041 3156; baseline 0 -24"><span class='ocrx_word' id='word_1_105' title='bbox 311 3073 534 3133; x_wconf 90' lang='lat' dir='ltr'>locum.</span> <span class='ocrx_word' id='word_1_106' title='bbox 606 3074 1043 3135; x_wconf 84' lang='lat' dir='ltr'>Demonstrant</span> <span class='ocrx_word' id='word_1_107' title='bbox 1082 3078 1245 3136; x_wconf 93' lang='lat' dir='ltr'>enim</span> <span class='ocrx_word' id='word_1_108' title='bbox 1285 3078 1507 3150; x_wconf 90' lang='lat' dir='ltr'>omnia,</span> <span class='ocrx_word' id='word_1_109' title='bbox 1539 3077 1614 3136; x_wconf 89' lang='lat' dir='ltr'>de</span> <span class='ocrx_word' id='word_1_110' title='bbox 1650 3077 1868 3156; x_wconf 91' lang='lat' dir='ltr'>quibus</span> <span class='ocrx_word' id='word_1_111' title='bbox 1910 3094 2041 3133; x_wconf 90' lang='lat' dir='ltr'>sus-</span> 
     </span>
     <span class='ocr_line' id='line_1_21' title="bbox 314 3167 2040 3246; baseline -0.001 -20"><span class='ocrx_word' id='word_1_112' title='bbox 314 3167 549 3246; x_wconf 89' lang='lat' dir='ltr'>cipiunt</span> <span class='ocrx_word' id='word_1_113' title='bbox 595 3167 1087 3246; x_wconf 88' lang='lat' dir='ltr'>disputationem,</span> <span class='ocrx_word' id='word_1_114' title='bbox 1118 3172 1474 3230; x_wconf 87' lang='lat' dir='ltr'>firmissimis</span> <span class='ocrx_word' id='word_1_115' title='bbox 1510 3172 1865 3240; x_wconf 75' lang='lat' dir='ltr'>rationibUS,</span> <span class='ocrx_word' id='word_1_116' title='bbox 1897 3187 2040 3226; x_wconf 87' lang='lat' dir='ltr'>con-</span> 
     </span>
     <span class='ocr_line' id='line_1_22' title="bbox 313 3261 2039 3339; baseline -0.001 -20"><span class='ocrx_word' id='word_1_117' title='bbox 313 3263 679 3339; x_wconf 87' lang='lat' dir='ltr'>firmantque</span> <span class='ocrx_word' id='word_1_118' title='bbox 708 3261 795 3320; x_wconf 87' lang='lat' dir='ltr'>ita</span> <span class='ocrx_word' id='word_1_119' title='bbox 823 3272 891 3321; x_wconf 91' lang='lat' dir='ltr'>ut</span> <span class='ocrx_word' id='word_1_120' title='bbox 919 3283 1058 3323; x_wconf 89' lang='lat' dir='ltr'>vere</span> <span class='ocrx_word' id='word_1_121' title='bbox 1082 3265 1398 3324; x_wconf 90' lang='lat' dir='ltr'>scientiam</span> <span class='ocrx_word' id='word_1_122' title='bbox 1427 3266 1492 3323; x_wconf 90' lang='lat' dir='ltr'>in</span> <span class='ocrx_word' id='word_1_123' title='bbox 1522 3264 1814 3324; x_wconf 88' lang='lat' dir='ltr'>auditoris</span> <span class='ocrx_word' id='word_1_124' title='bbox 1837 3261 2039 3319; x_wconf 86' lang='lat' dir='ltr'>animo</span> 
     </span>
     <span class='ocr_line' id='line_1_23' title="bbox 313 3353 2037 3434; baseline -0.001 -22"><span class='ocrx_word' id='word_1_125' title='bbox 313 3355 588 3433; x_wconf 85' lang='lat' dir='ltr'>gignant,</span> <span class='ocrx_word' id='word_1_126' title='bbox 622 3374 983 3433; x_wconf 89' lang='lat' dir='ltr'>omnemque</span> <span class='ocrx_word' id='word_1_127' title='bbox 1012 3377 1261 3434; x_wconf 89' lang='lat' dir='ltr'>prorsus</span> <span class='ocrx_word' id='word_1_128' title='bbox 1303 3357 1744 3416; x_wconf 89' lang='lat' dir='ltr'>dubitationem</span> <span class='ocrx_word' id='word_1_129' title='bbox 1785 3353 2037 3413; x_wconf 87' lang='lat' dir='ltr'>tollant:</span> 
     </span>
     <span class='ocr_line' id='line_1_24' title="bbox 313 3446 2038 3526; baseline -0.002 -19"><span class='ocrx_word' id='word_1_130' title='bbox 313 3448 376 3507; x_wconf 92' lang='lat' dir='ltr'>id</span> <span class='ocrx_word' id='word_1_131' title='bbox 407 3447 570 3526; x_wconf 90' lang='lat' dir='ltr'>quod</span> <span class='ocrx_word' id='word_1_132' title='bbox 600 3448 731 3506; x_wconf 85' lang='lat' dir='ltr'>aliis</span> <span class='ocrx_word' id='word_1_133' title='bbox 755 3449 1022 3508; x_wconf 89' lang='lat' dir='ltr'>scientiis</span> <span class='ocrx_word' id='word_1_134' title='bbox 1051 3451 1152 3509; x_wconf 89' lang='lat' dir='ltr'>vix</span> <span class='ocrx_word' id='word_1_135' title='bbox 1191 3452 1477 3523; x_wconf 88' lang='lat' dir='ltr'>tribuere,</span> <span class='ocrx_word' id='word_1_136' title='bbox 1510 3451 1665 3510; x_wconf 86' lang='lat' dir='ltr'>ete.⁷&#39;</span> <span class='ocrx_word' id='word_1_137' title='bbox 1751 3449 1827 3507; x_wconf 92' lang='lat' dir='ltr'>Et</span> <span class='ocrx_word' id='word_1_138' title='bbox 1857 3446 2038 3524; x_wconf 88' lang='lat' dir='ltr'>paulo</span> 
     </span>
     <span class='ocr_line' id='line_1_25' title="bbox 315 3540 2040 3620; baseline -0.001 -20"><span class='ocrx_word' id='word_1_139' title='bbox 315 3541 511 3600; x_wconf 83' lang='lat' dir='ltr'>infra:</span> <span class='ocrx_word' id='word_1_140' title='bbox 580 3542 990 3620; x_wconf 87' lang='lat' dir='ltr'>“Disciplinae</span> <span class='ocrx_word' id='word_1_141' title='bbox 1029 3545 1475 3605; x_wconf 87' lang='lat' dir='ltr'>mathematicae</span> <span class='ocrx_word' id='word_1_142' title='bbox 1524 3545 1841 3604; x_wconf 89' lang='lat' dir='ltr'>veritatem</span> <span class='ocrx_word' id='word_1_143' title='bbox 1887 3540 2040 3599; x_wconf 86' lang='lat' dir='ltr'>adeo</span> 
     </span>
     <span class='ocr_line' id='line_1_26' title="bbox 316 3634 2037 3717; baseline -0.001 -24"><span class='ocrx_word' id='word_1_144' title='bbox 316 3644 630 3713; x_wconf 85' lang='lat' dir='ltr'>expetunt,</span> <span class='ocrx_word' id='word_1_145' title='bbox 681 3635 988 3708; x_wconf 87' lang='lat' dir='ltr'>adamant,</span> <span class='ocrx_word' id='word_1_146' title='bbox 1047 3638 1475 3717; x_wconf 87' lang='lat' dir='ltr'>excoluntque,</span> <span class='ocrx_word' id='word_1_147' title='bbox 1533 3648 1603 3697; x_wconf 92' lang='lat' dir='ltr'>ut</span> <span class='ocrx_word' id='word_1_148' title='bbox 1664 3655 1788 3695; x_wconf 89' lang='lat' dir='ltr'>non</span> <span class='ocrx_word' id='word_1_149' title='bbox 1845 3634 2037 3694; x_wconf 90' lang='lat' dir='ltr'>solum</span> 
     </span>
    </p>
   </div>
  </div>
 </body>
</html>
