2462 4120
605 420 724 474 356
1061 432 1526 475 PROBLEMATA
1558 432 1880 476 PHYSICA.

303 592 415 624 CAP.
442 592 532 624 vn.
605 570 885 649 procedit
915 571 1072 631 actio
1101 592 1225 631 non
1255 593 1365 651 per
1391 573 1615 632 lineam
1642 571 1990 632 incidentiae
2021 571 2333 631 continua-

295 649 531 674 s--fqae

249 697 422 731 Demotu
442 708 520 743 per.
607 675 754 737 tam,
788 664 894 723 sed
931 665 994 725 in
1025 667 1161 740 alia,
1194 667 1273 726 ad
1310 667 1877 746 perpendicularem
1906 673 2334 743 convergente.

244 750 486 797 pendiculari‚
518 756 586 788 etc.
693 759 774 818 A·
822 759 947 818 Cur
976 760 1102 820 ita?

691 852 773 912 B.
821 854 1080 913 Ostendi
1100 864 1241 913 ante
1261 854 1424 934 quod
1442 853 1773 913 incidentia
1791 863 2078 932 operatur
2095 861 2337 912 tantum

604 947 667 1005 in
696 948 1204 1025 perpendiculari.
1297 948 1417 1007 Sed
1449 947 1627 1006 simul
1658 957 1843 1025 atque
1873 947 2031 1006 actio
2060 945 2338 1026 procedit

604 1041 859 1100 ulterius
889 1062 1099 1101 versus
1130 1043 1391 1114 interna,
1424 1051 1712 1119 operatur
1739 1042 1961 1120 partim
1990 1042 2054 1100 in
2082 1061 2336 1119 perpen-

605 1136 879 1207 diculari,
909 1138 1133 1214 partim
1164 1137 1227 1194 in
1257 1135 1567 1194 incidente
1599 1136 1981 1194 continuata:
2013 1144 2340 1214 propterea

605 1230 771 1308 quod
802 1231 996 1308 major
1020 1231 1149 1307 jam
1184 1230 1350 1288 facta
1394 1229 1742 1288 resistentia
1789 1239 2023 1288 motum
2061 1229 2232 1287 illum
2274 1228 2340 1287 in

603 1324 912 1383 incidente
953 1324 1313 1383 continuata
1358 1322 1657 1396 debilitat,
1690 1331 1752 1382 et
1791 1322 2093 1382 convertit
2130 1341 2340 1381 versus

604 1418 1189 1497 perpendicularem.

689 1513 771 1572 A.
818 1513 890 1572 In
938 1511 1291 1590 corporibus
1343 1510 1662 1588 diaphanis
1707 1529 1921 1569 verum
1965 1517 2114 1569 est0.
2220 1507 2344 1568 Sed

605 1616 746 1666 sunt
775 1626 1035 1685 corpora
1057 1605 1253 1664 multa
1275 1624 1384 1682 per
1410 1625 1546 1683 quae
1576 1604 1836 1664 transire
1863 1604 2071 1663 lumen
2094 1603 2343 1667 omnino

605 1722 728 1760 non
757 1709 978 1779 potest.

693 1795 773 1854 B.
820 1794 1001 1853 Actio
1043 1793 1290 1871 quidem
1337 1813 1447 1872 per
1494 1812 1678 1872 quam
1723 1794 1794 1853 fit
1843 1793 2070 1866 lumen,
2110 1791 2345 1851 nullum

605 1909 728 1948 non
760 1908 981 1967 corpus
1012 1897 1308 1966 permeat.
1396 1887 1559 1946 Nam
1589 1887 1750 1946 actio
1782 1887 1915 1947 haec
1958 1886 2188 1966 pressio
2230 1894 2343 1945 est.

609 1983 918 2062 Quicquid
947 1991 1152 2042 autem
1182 1981 1498 2061 premitur,
1529 1981 1754 2060 premit
1782 1981 1847 2040 id
1876 1980 2040 2060 quod
2067 1979 2344 2059 proxime

606 2100 644 2138 a
687 2089 863 2157 tergo
912 2087 1041 2137 est:
1088 2088 1150 2136 et
1197 2078 1314 2136 hoc
1354 2076 1539 2147 aliud,
1578 2077 1637 2135 in
1694 2076 2024 2135 infinitum.
2112 2075 2348 2134 Lumen

607 2185 814 2233 autem
845 2192 1105 2251 corpora
1134 2171 1416 2250 quaedam
1455 2191 1580 2230 non
1619 2180 1915 2249 permeat.
2003 2170 2166 2229 Nam
2207 2188 2348 2247 par-

607 2268 764 2327 tium
804 2266 1188 2345 quorundam
1230 2285 1558 2343 corporum
1604 2265 1987 2324 internarum
2035 2272 2210 2323 tanta
2256 2272 2351 2322 est

609 2360 991 2438 inaequalitas
1023 2367 1085 2418 et
1116 2359 1459 2417 differentia
1489 2358 1690 2435 quoad
1719 2359 1966 2435 figuras,
1995 2365 2065 2415 ut
2095 2355 2256 2415 actio
2285 2355 2352 2414 in

611 2455 875 2514 transitu
914 2453 1250 2512 innumeris
1281 2452 1750 2511 refractionibus
1801 2462 1863 2510 et
1902 2450 2352 2510 reflectionibus

611 2549 699 2608 ita
745 2547 1116 2619 debilitetur,
1147 2556 1215 2606 ut
1259 2556 1590 2624 antequam
1629 2545 2054 2624 permeaverit,
2093 2544 2353 2604 debilior

610 2644 720 2702 fiat
750 2661 934 2720 quam
961 2649 1031 2700 ut
1060 2641 1122 2699 in
1154 2660 1386 2719 organo
1416 2640 1664 2700 videndi
1692 2640 1987 2700 visionem
2015 2638 2355 2718 producere

613 2738 825 2817 possit.

701 2831 782 2891 A.
830 2831 895 2890 Si
925 2849 1144 2907 corpus
1177 2828 1549 2907 diaphanum
1593 2828 1798 2902 fuerit,
1831 2837 1894 2888 et
1935 2827 2097 2887 actio
2134 2847 2357 2906 propa-

614 2936 795 3006 getur
824 2927 887 2985 in
913 2945 1132 3004 corpus
1157 2925 1322 3004 quod
1343 2925 1543 2983 minus
1566 2924 1839 2983 resistat:
1873 2922 2134 3001 exempli
2154 2941 2356 2995 causa,

616 3043 654 3081 a
684 3022 842 3080 vitro
873 3021 947 3079 in·
967 3040 1207 3079 aerem:
1254 3040 1374 3098 qua
1399 3020 1498 3078 via
1529 3018 1744 3078 tendet
1774 3019 1835 3078 in
1868 3019 1973 3078 illo
2004 3015 2187 3076 aere?

704 3115 785 3176 B.
832 3115 887 3174 A
910 3125 1142 3194 puncto
1175 3114 1338 3173 unde
1370 3115 1644 3192 operatio
1677 3113 1821 3186 exit,
1855 3113 2118 3172 ducatur
2150 3109 2230 3169 ad
2258 3129 2358 3168 su-

616 3208 928 3289 perficiem
957 3208 1101 3267 vitri
1131 3217 1303 3266 recta
1331 3206 1872 3286 perpendicularis.
1958 3204 2140 3264 Actio
2163 3204 2293 3282 jam
2324 3222 2362 3261 a

616 3303 960 3364 resistentia
983 3322 1165 3380 quam
1188 3322 1367 3381 passa
1397 3312 1527 3361 erat
1556 3302 1833 3373 liberata,
1860 3300 2134 3378 diverget
2162 3318 2199 3356 a
2226 3315 2359 3376 per-

617 3397 998 3478 pendiculari
1027 3408 1324 3475 quantum
1349 3396 1427 3455 ad
1449 3394 2015 3474 perpendicularem
2045 3401 2188 3452 ante
2220 3410 2359 3451 con-

619 3492 933 3571 vergebat.

708 3587 789 3646 A.
839 3584 1102 3646 Quando
1155 3585 1278 3663 pila
1328 3585 1615 3663 plumbea
1661 3583 1932 3660 sclopeto
1984 3579 2204 3640 emissa
2252 3597 2363 3656 per

624 3701 850 3750 aerem,
879 3688 1164 3758 penetrat
1194 3699 1435 3738 murum
1467 3690 1754 3746 terreum,
1786 3676 2048 3735 etiamne
2079 3682 2226 3734 tunc
2254 3672 2362 3731 fiet

625 3775 915 3835 refractio
947 3794 1156 3833 versus
1186 3770 1781 3853 perpendicularem?
