2462 4120
177 559 289 592 CAP.
310 560 419 593 VIII.

182 617 420 643 κ-Ὗῂκ

189 665 246 700 De
265 666 411 712 angulo,

492 385 612 441 406
754 400 842 440 DE
877 399 1258 440 PRINCIPIIS
1292 398 1375 439 ET
1407 396 2009 439 RATIOCINATIONE

491 534 640 593 culis
669 535 958 614 integris;
991 556 1336 615 quanquam
1366 554 1542 594 arcus
1566 535 1687 594 ΒΜ
1711 535 1906 612 major
1935 534 2015 593 sit
2038 545 2220 612 quam

574 721 895 794 Praeterea,
929 724 990 782 in
1016 723 1230 783 eodem
1263 723 1511 795 circulo,
1537 742 1658 800 quo
1689 722 1889 782 minor
1919 731 2013 780 est
2041 740 2220 780 arcus

490 837 562 876 eo
591 818 890 876 minorem
920 818 1105 877 habet
1145 818 1530 888 curvitatem,
1561 818 1624 875 in
1670 817 1906 875 ratione
1951 817 2223 894 ipsorum

490 931 761 985 arcuum,
794 912 897 989 qui
936 913 1000 970 in
1044 913 1210 970 omni
1256 921 1486 989 puncto
1517 910 1833 988 aequaliter
1871 910 2221 982 flectuntur,

491 1006 616 1064 sive
646 1006 1063 1065 incurvantur.
1825 1055 1827 1058 v

574 1101 908 1173 PostremO,
932 1110 1153 1158 natura
1181 1098 1387 1177 anguli
1412 1117 1592 1176 quem
1621 1097 1858 1156 faciunt
1888 1097 2011 1156 duo
2043 1115 2222 1156 arcus

491 1194 620 1267 BA,
666 1195 795 1264 BD,
846 1215 970 1253 non
1029 1193 1306 1252 consistit
1362 1193 1425 1250 in
1481 1191 1823 1270 quantitate
1883 1191 2224 1269 superficiei

489 1309 671 1368 quam
721 1289 1039 1348 continent
1065 1311 1077 1345 z
1124 1307 1267 1345 nam
1316 1286 1524 1363 anguli
1578 1285 1886 1363 quantitas
1936 1283 2224 1342 determi-

487 1393 650 1456 nata,
683 1383 1031 1461 superficies
1069 1381 1173 1439 illa
1214 1380 1686 1439 indeterminata
1730 1389 1842 1438 est.
1934 1377 2226 1436 Similiter

487 1497 685 1556 neque
743 1477 1020 1536 consistit
1077 1484 1296 1534 natura
1343 1474 1570 1553 anguli,
1621 1493 1800 1552 quem
1851 1472 2000 1531 facit
2054 1480 2225 1530 recta

490 1571 594 1630 BL
625 1591 763 1629 cum
804 1590 951 1629 arcu
995 1570 1136 1641 ΒΜ,
1169 1569 1231 1627 in
1263 1568 1583 1646 superficie
1608 1565 1942 1637 indefinita,
1976 1564 2075 1624 cui
2103 1564 2224 1624 illae

490 1663 625 1722 duae
654 1664 827 1722 lineae
857 1663 1144 1740 utrinque
1175 1661 1441 1720 adstant.

575 1762 611 1788 ‘⁶
632 1758 704 1816 In
735 1777 855 1836 quo
877 1757 1082 1834 ergo'',
1113 1756 1366 1834 inquieS‚
1400 1759 1436 1785 ‘⁶
1458 1753 1738 1813 consistit
1767 1761 1988 1811 natura
2016 1751 2226 1829 anguli

492 1861 810 1911 contactus
841 1851 1101 1910 duorum
1131 1869 1404 1921 arcuum,
1424 1849 1519 1907 vel
1551 1867 1727 1907 arcus
1758 1858 1821 1905 et
1849 1845 2103 1905 rectae?’'
2150 1844 2224 1903 In

491 1967 583 2019 e0‚
617 1945 782 2023 quod
818 1945 1076 2023 angulus
1116 1944 1216 2002 ille
1258 1943 1624 2001 determinat
1655 1940 2057 2019 quantitatem
2087 1959 2225 1998 cur-

489 2041 737 2098 vitatis:
783 2049 854 2097 ut
900 2059 974 2097 ex
1017 2037 1198 2096 modo
1241 2036 1419 2095 dictis
1459 2044 1668 2113 aperte
1709 2045 1970 2092 constat.
2061 2033 2223 2091 Nam

492 2155 630 2192 cum
662 2134 782 2192 duo
806 2152 982 2191 arcus
1003 2133 1131 2203 BD,
1154 2132 1263 2189 BA
1286 2130 1406 2189 sint
1436 2148 1602 2207 aeque
1629 2127 1816 2198 curvi,
1842 2136 2022 2185 erunt
2041 2127 2224 2185 etiam

491 2248 667 2286 arcus
700 2228 842 2299 ΒΜ,
870 2227 982 2286 ΒΝ
1012 2226 1140 2305 (qui
1170 2234 1310 2284 sunt
1332 2235 1402 2282 ut
1427 2243 1602 2282 arcus
1626 2223 1734 2281 BD
1759 2222 1837 2280 ad
1861 2241 2070 2280 arcum
2095 2221 2226 2297 BA)

492 2343 661 2400 aeque
703 2322 892 2380 curvi.
980 2322 1058 2380 Et
1089 2321 1232 2398 quia
1262 2338 1439 2378 arcus
1479 2318 1599 2376 ΒΜ
1631 2317 1814 2394 duplo
1847 2316 2091 2375 curvior
2129 2326 2224 2375 est

493 2436 602 2474 sua
644 2416 910 2488 semisse,
943 2425 1096 2494 puta
1134 2435 1280 2473 arcu
1312 2414 1438 2484 ΒΟ,
1471 2413 1587 2471 erit
1618 2431 1856 2489 quoque
1903 2430 2078 2470 arcus
2109 2410 2223 2470 BN

493 2510 678 2588 duplo
703 2510 944 2567 curvior
966 2529 1147 2586 quam
1171 2516 1262 2566 est
1291 2507 1453 2565 idem
1476 2526 1652 2565 arcus
1681 2506 1784 2564 ΒΟ
1812 2505 1927 2563 sibi
1955 2504 2222 2582 aequalis.

491 2605 697 2682 Atque
727 2603 889 2661 idem
921 2603 1169 2661 omnino
1194 2601 1509 2678 continget
1538 2601 1600 2658 in
1627 2599 1795 2659 omni
1825 2599 1943 2658 alia
1969 2618 2225 2677 propor-

491 2698 660 2757 tione
690 2717 867 2756 arcus
900 2696 1221 2755 exterioris
1252 2695 1331 2754 ad
1361 2695 1738 2753 interiorem.

576 2793 791 2870 Itaque
822 2811 996 2849 arcus
1028 2791 1115 2849 illi
1146 2790 1249 2867 qui
1278 2789 1570 2867 angulum
1595 2795 1912 2847 contactus
1937 2785 2228 2844 dicuntur

493 2887 748 2960 efficere,
782 2885 947 2944 aliud
977 2906 1101 2943 non
1141 2895 1284 2943 sunt
1331 2883 1648 2961 (quoniam
1690 2882 1957 2940 curvitas
2005 2881 2221 2957 major,

493 2981 589 3039 vel
617 2980 836 3053 minor,
865 2979 962 3038 vel
991 2979 1258 3057 aequali5‚
1290 2978 1468 3037 alteri
1509 2977 1795 3037 curvitati
1832 2995 1962 3034 esse
1990 2974 2220 3054 potest)

495 3095 676 3153 quam
708 3074 1013 3152 quantitas
1039 3073 1381 3131 curvedinis
1412 3070 1935 3131 circumferentiae.
2009 3069 2225 3146 Itaque

493 3169 782 3246 angulum
842 3176 1177 3238 contactUS‚
1239 3187 1420 3244 quem
1487 3166 1777 3244 angulum
1835 3163 1956 3222 dici
2010 3163 2226 3222 volunt

491 3273 842 3340 geometrae,
869 3263 955 3320 sic
980 3261 1233 3320 definio:
1265 3259 1544 3341 Angulus
1567 3267 1884 3318 contactus
1912 3265 2008 3316 est
2036 3277 2227 3336 quan-

493 3357 645 3416 titas
675 3355 999 3416 curvitatis
1022 3376 1153 3434 quoe
1183 3363 1274 3413 est
1297 3355 1358 3413 in
1382 3375 1534 3412 arcu
1563 3352 1781 3412 circuli
1784 3350 1987 3429 saeta
2017 3371 2058 3409 a
2086 3369 2226 3409 con-

493 3452 664 3511 tinua
693 3459 754 3509 et
775 3449 1352 3529 unfformiflexz'one
1381 3449 1555 3507 lineae
1583 3454 1791 3506 rectae.

580 3546 866 3623 Sequitur
893 3544 1057 3616 hinc,
1081 3544 1144 3601 in
1175 3554 1403 3620 puncto
1434 3543 1631 3620 primo
1654 3549 1839 3599 rectae
1860 3539 1981 3612 BL,
2006 3556 2223 3614 nempe

494 3650 723 3717 puncto
755 3640 825 3713 B,
856 3638 961 3698 ubi
1006 3637 1174 3696 nulla
1217 3637 1477 3715 intelligi
1520 3645 1726 3714 potest
1767 3634 1964 3706 flexiO,
1995 3632 2223 3691 nullam
