2462 4120
627 354 746 407 362
1002 366 1091 408 DE
1124 367 1627 411 MAGNITUDINE
1664 369 1966 412 cmcnm.

327 524 463 556 PRoP.
491 525 543 557 11.
625 503 793 563 tione
825 505 860 563 3
891 504 966 564 ad
1009 513 1027 565 l
1070 508 1381 568 continua.
1453 509 1680 568 Centro
1706 509 1754 568 Ο
1785 508 1956 568 radio
1982 507 2104 566 CM
2137 507 2355 567 descri-

314 580 552 610 s-ae-—ae
624 599 806 657 batur
835 619 1011 659 arcus
1041 601 1394 680 quadrantis
1428 604 1559 662 MN
1588 632 1602 672 ;
1634 604 1780 662 item
1804 603 1975 662 radio
2001 603 2102 661 DS
2134 602 2357 662 descri-

623 692 805 751 batur
833 713 1011 754 arcus
1033 696 1389 775 quadrantis
1417 698 1529 771 ST,
1562 707 1623 757 et
1651 699 1822 757 radio
1852 698 1945 757 SC
1980 698 2359 757 describatur

625 806 803 846 arcus
833 789 1191 866 quadrantis
1223 791 1343 850 CZ.

711 881 1018 942 Quoniam
1057 904 1202 963 ergo
1243 884 1519 963 potentia
1561 883 1671 943 DC
1710 883 1894 962 tripla
1931 893 2023 943 est
2067 885 2358 963 potentiae

628 974 767 1048 ΟΜ,
799 975 917 1035 erit
957 978 1236 1055 potentia
1265 997 1442 1036 arcus
1485 976 1586 1036 ST
1622 977 1806 1056 tripla
1849 979 2144 1056 potentiae
2182 997 2359 1037 arcus

628 1068 760 1137 ΟΖ;
806 1079 867 1129 et
896 1090 1071 1130 arcus
1105 1071 1212 1130 BD
1244 1070 1493 1149 aequalis
1523 1071 1784 1130 arcubus
1815 1071 2110 1131 ambobus
2155 1072 2251 1131 ST
2297 1085 2360 1132 et

627 1163 743 1223 CZ.
828 1165 939 1224 Est
988 1174 1194 1224 autem
1239 1165 1517 1243 potentia
1557 1164 1745 1224 totius
1791 1185 1969 1225 arcus
2020 1166 2130 1225 BD
2180 1167 2361 1245 tripla

624 1258 916 1336 potentiae
947 1278 1124 1317 arcus
1150 1258 1280 1317 MN
1304 1284 1318 1326 ;
1351 1267 1412 1316 et
1441 1278 1477 1316 a
1498 1266 1631 1317 tota
1654 1258 1776 1317 ΒΜ
1799 1268 1867 1317 ut
1890 1259 2359 1332 semidiametr0‚

627 1352 966 1431 descriptus
996 1373 1173 1412 arcus
1204 1352 1560 1430 quadrantis
1593 1353 1732 1411 Mm
1763 1353 2011 1432 aequalis
2051 1354 2167 1412 erit
2210 1354 2361 1413 utri-

625 1466 742 1524 que
773 1447 952 1506 simul
995 1447 1164 1506 arcui
1206 1446 1335 1519 BD,
1368 1446 1519 1505 MN.
1607 1447 1717 1506 Est
1756 1467 1902 1526 ergo
1931 1457 2002 1506 ut
2033 1447 2135 1508 ΒΟ
2168 1448 2364 1525 (recta

625 1540 963 1619 composita
992 1561 1065 1599 ex
1098 1541 1191 1599 Bs
1221 1550 1282 1600 et
1310 1540 1424 1613 sC,
1450 1559 1706 1618 quarum
1735 1541 2032 1619 potentiae
2061 1550 2205 1600 sunt
2229 1551 2297 1601 ut
2323 1550 2360 1601 3

625 1636 703 1694 ad
741 1636 798 1711 l)
834 1635 912 1694 ad
953 1654 1162 1693 arcum
1194 1635 1303 1693 BD
1350 1635 1783 1713 (compositum
1828 1656 1901 1694 ex
1941 1637 2202 1695 arcubus
2249 1637 2361 1707 ST,

626 1730 746 1799 CZ,
777 1748 1036 1807 quorum
1065 1729 1360 1807 potentiae
1390 1738 1532 1788 sunt
1556 1741 1625 1787 ut
1651 1737 1686 1788 3
1711 1729 1790 1788 ad
1828 1731 1909 1805 l),
1933 1731 2020 1789 ita
2051 1750 2227 1789 arcus
2254 1731 2361 1790 BD

624 1824 702 1883 ad
761 1843 970 1882 arcum
1022 1822 1157 1881 Mm
1211 1823 1642 1901 (compositum
1701 1843 1775 1881 ex
1826 1824 2086 1882 arcubus
2139 1824 2248 1883 BD
2300 1835 2362 1883 et

625 1918 778 1991 MN,
801 1938 1061 1996 quorum
1091 1918 1384 1996 potentiae
1413 1917 1562 1976 item
1592 1927 1736 1977 sunt
1764 1926 1833 1976 ut
1866 1925 1902 1976 3
1938 1917 2017 1976 ad
2057 1920 2127 1994 l).
2205 1918 2363 1977 Sunt

626 2034 771 2093 ergo
801 2022 972 2073 recta
1005 2013 1127 2085 ΒΟ,
1159 2032 1336 2072 arcus
1380 2011 1508 2084 BD,
1548 2023 1610 2071 et
1660 2031 1838 2071 arcus
1889 2011 2027 2071 Mm
2073 2013 2362 2072 continue

627 2108 1141 2187 proportionales,

712 2203 831 2262 Sed
861 2212 1030 2261 recta
1061 2202 1164 2261 BC
1200 2211 1293 2260 est
1319 2200 1766 2260 semidiameter
1796 2200 2030 2273 circuli,
2056 2202 2229 2279 cujus
2257 2220 2363 2279 pe-

625 2297 861 2356 rimetri
906 2315 1083 2356 arcus
1134 2296 1244 2355 BD
1290 2306 1386 2355 est
1429 2315 1570 2374 pars
1614 2304 1851 2374 quarta.
1941 2295 2148 2356 Quare
2193 2305 2363 2355 recta

627 2410 761 2468 quae
798 2399 891 2449 est
935 2390 1185 2468 aequalis
1223 2389 1393 2449 arcui
1432 2389 1560 2460 BD,
1592 2390 1710 2448 erit
1751 2388 2201 2448 semidiameter
2246 2390 2363 2449 cir-

627 2483 748 2542 culi
777 2484 950 2561 cujus
972 2482 1287 2561 perimetri
1315 2502 1493 2542 arcus
1518 2482 1653 2541 Mm
1684 2492 1777 2541 est
1803 2501 1943 2560 pars
1973 2492 2206 2561 quarta.
2253 2483 2365 2542 Est

627 2599 774 2657 ergo
806 2578 928 2637 ΒΜ
960 2578 1210 2656 aequalis
1240 2577 1410 2638 arcui
1446 2577 1575 2636 BD.

714 2671 943 2732 Coroll.
1033 2672 1323 2750 Sequitur
1360 2671 1503 2731 hinc
1545 2679 1772 2729 rectam
1818 2691 1954 2749 quae
1989 2670 2239 2749 aequalis
2269 2680 2362 2730 est

627 2767 795 2827 arcui
827 2766 943 2840 CZ,
967 2766 1206 2825 radium
1236 2786 1367 2826 esse
1399 2764 1611 2826 circuli
1642 2764 1931 2843 descripti
1961 2785 1998 2824 a
2029 2765 2168 2837 ΟΜ,
2198 2764 2363 2824 ideo-

626 2882 743 2940 que
772 2881 982 2920 arcum
1014 2861 1114 2919 CZ
1144 2861 1442 2940 aequalem
1486 2879 1614 2919 esse
1643 2869 1830 2919 rectae
1871 2859 2013 2931 ΟΜ,
2046 2871 2109 2920 et
2152 2880 2362 2919 arcum

629 2957 723 3016 ST
753 2956 1048 3034 aequalem
1080 2975 1211 3015 esse
1242 2966 1427 3014 rectae
1462 2954 1583 3013 ΒΟ.

1210 3131 1627 3173 PROPOSITIO
1670 3131 1777 3172 111:

712 3239 904 3298 Recta
934 3239 1030 3297 ΡΟ
1061 3238 1246 3317 dupla
1273 3247 1365 3298 est
1396 3237 1757 3296 differentiae
1799 3237 1962 3295 inter
2006 3236 2364 3316 semidiago-

627 3334 829 3394 nalem
859 3343 921 3392 et
951 3333 1361 3405 semiradium‚
1385 3332 1720 3410 eademque
1751 3330 1953 3390 media
1976 3331 2363 3409 proportion-

629 3429 739 3488 alis
768 3428 928 3487 inter
959 3427 1077 3486 ΟΜ
1109 3438 1171 3487 et
1199 3427 1389 3506 ipsius
1419 3425 1749 3485 semissem.

714 3521 1064 3600 Diagonalis
1096 3522 1258 3580 enim
1289 3521 1396 3580 AC
1427 3520 1643 3578 dividit
1685 3538 1893 3577 arcum
1938 3518 2045 3577 BD
2078 3517 2361 3577 bifariam

629 3618 693 3676 in
725 3618 788 3677 P.
877 3617 1152 3676 Ducatur
1196 3616 1302 3675 QP
1348 3616 1514 3674 sinus
1562 3623 1764 3673 rectus
1811 3617 2002 3672 arcus
2038 3612 2156 3685 BP,
2189 3632 2355 3672 com-
