2462 4120
295 555 407 587 CAP.
435 555 539 588 XIV.

308 613 545 639 b-—ss-—u

288 663 343 697 De
360 664 540 699 rationum

289 717 441 752 calculo.

617 381 739 435 428
854 395 942 436 DE
977 396 1359 440 PRINCIPIIS
1395 399 1478 440 ET
1513 399 2114 442 RATIOCINATIONE

616 531 930 612 exprimit,
961 554 1082 593 non
1113 543 1280 595 recte
1309 546 1513 595 autem
1543 537 1911 596 arithmetici
1943 538 2157 596 dicunt
2186 558 2342 610 esse,

617 645 853 704 nempe,
878 628 1252 705 quotientem
1285 629 1595 689 divisionis
1626 631 1864 690 numeri
1893 652 2002 709 per
2024 651 2345 691 numerum

616 739 745 778 esse
803 722 1104 780 rationem
1161 723 1354 800 ipsam
1414 723 1589 781 divisi
1646 723 1724 782 ad
1776 724 2136 783 divisorem:
2183 725 2344 784 unde

616 813 807 873 multa
835 815 897 873 in
927 817 1328 894 geometriam
1358 817 1732 894 irrepserunt
1768 819 2047 892 absurda,
2081 829 2143 878 et
2170 819 2347 898 plura

614 906 807 967 indies
829 920 1275 989 consequentur
1299 939 1312 979 ;
1349 931 1608 987 quorum
1629 931 1812 971 causa
1833 933 2055 990 magna
2078 933 2152 972 ex
2171 922 2345 991 parte

612 1000 729 1059 fuit
773 1002 969 1062 Clavii
1014 1004 1145 1062 haec
1186 1004 1518 1081 impropria
1562 1004 1808 1063 locutio,
1899 1006 2111 1067 Qualis
2159 1007 2345 1066 etiam

613 1095 854 1154 videtur
901 1097 1011 1155 tibi
1058 1097 1190 1156 haec
1243 1097 1437 1155 oratio
1486 1097 1551 1155 in
1598 1098 2070 1158 mathematicis:
2114 1110 2344 1179 quanta

613 1188 698 1246 sit
726 1190 1083 1269 magnitudo
1114 1189 1481 1248 antecedens
1513 1189 1601 1247 ad
1639 1200 2088 1270 consequentem
2108 1197 2142 1252 ,9
2228 1194 2346 1254 De-

611 1283 796 1343 bebat
854 1285 1015 1343 enim
1074 1285 1296 1354 dicere,
1345 1291 1579 1363 quanta
1630 1293 1724 1342 est
1770 1286 2131 1365 magnitudo
2175 1295 2347 1347 ante-

613 1378 829 1435 cedens
856 1380 934 1436 'ut
964 1385 1326 1456 comparata
1358 1398 1490 1436 cum
1535 1387 1951 1456 consequente,
1982 1379 2078 1438 vel
2116 1387 2345 1458 quanta

611 1478 704 1528 est
744 1471 905 1528 ratio
947 1471 1395 1550 magnitudinis
1442 1471 1860 1530 antecedentis
1905 1471 1994 1530 ad
2034 1473 2346 1552 magnitu-

613 1564 813 1623 dinem
843 1572 1313 1643 consequentem.
1383 1565 1522 1623 Scio
1548 1564 1826 1623 Clavium
1855 1565 2079 1643 linguae
2110 1566 2344 1627 Latinae

613 1658 1083 1718 scientissimum
1113 1658 1338 1717 fuisse:
1384 1658 1491 1717 sed
1519 1657 1662 1717 huic
1705 1658 1866 1718 illius
1918 1660 2238 1719 sententiae
2269 1659 2345 1719 de

613 1752 1052 1833 compositione
1083 1753 1388 1813 rationum
1434 1752 1680 1812 inimica
1712 1764 1844 1812 erat
1869 1753 2130 1814 elocutio
2161 1753 2342 1813 clara.

1303 2177 1472 2236 CAP.
1520 2176 1656 2235 XV.

919 2322 1137 2363 ETIAM
1174 2323 1259 2362 DE
1295 2321 1667 2362 RATIONUM
1703 2319 2034 2361 CALCULO.

611 2419 917 2478 CLAVIUs
951 2439 1023 2477 ex
1055 2419 1170 2476 hac
1201 2417 1558 2476 definitione
1590 2415 1805 2494 quinta
1843 2415 2145 2474 Elementi
2187 2415 2343 2474 sexti

609 2523 775 2572 recte
805 2512 1010 2583 infert,
1043 2511 1203 2590 quod
1227 2511 1288 2569 in
1320 2508 1848 2590 magnitudinibus
1890 2508 2345 2589 quibuscunque

610 2608 829 2666 ordine
846 2606 1100 2687 positis,
1123 2605 1454 2685 proportio
1482 2604 1718 2684 primoe
1749 2602 1840 2661 ad
1868 2602 2140 2662 ultimam
2181 2603 2343 2662 dice-

610 2711 710 2762 tur
741 2700 1014 2781 componi
1053 2722 1130 2759 ex
1163 2698 1579 2779 proportione
1613 2697 1836 2776 primoe
1876 2697 1964 2756 ad
1995 2697 2341 2770 secundam,

608 2805 670 2855 et
700 2795 981 2854 secundae
1010 2794 1098 2853 ad
1123 2793 1387 2865 tertiam,
1418 2800 1481 2850 et
1513 2792 1719 2850 tertioe
1761 2791 1851 2849 ad
1887 2799 2188 2870 quartam,
2227 2799 2341 2850 etc.

610 2891 800 2968 Cujus
859 2890 1043 2948 etiam
1101 2886 1652 2947 demonstrationes
1725 2885 1955 2964 aliquot
2013 2885 2211 2945 adfert
2267 2905 2342 2944 ex

607 2985 874 3057 Theone,
911 2983 1257 3054 Vitellione,
1302 2980 1558 3041 Eutocio
1611 2990 1673 3039 et
1717 2979 2085 3058 Apollonio:
2136 2981 2224 3039 ita
2272 2987 2342 3038 ut

607 3079 775 3139 nullo
815 3078 997 3138 modo
1029 3098 1065 3136 a
1096 3077 1302 3136 Clavio
1333 3076 1544 3153 negari
1573 3075 1785 3153 possit,
1822 3075 1927 3152 qui
1957 3094 2093 3133 ean-

612 3174 750 3233 dem
780 3174 845 3232 in
876 3171 1144 3231 numeris
1173 3190 1285 3249 pro
1317 3169 1670 3229 definitione
1700 3167 1779 3226 ad
1802 3168 1993 3226 Elem.
2013 3167 2096 3226 vii
2152 3176 2180 3204 Α
2203 3175 2230 3203 ¹³
2267 3176 2293 3204 <³

609 3268 832 3347 posuit.
945 3267 1158 3343 Itaque
1217 3265 1280 3322 in
1338 3264 1532 3323 tribus
1582 3262 1756 3321 lineis
1802 3261 1877 3334 A,
1924 3261 1994 3333 B,
2044 3261 2092 3319 C

609 3362 820 3421 ordine
868 3360 1175 3439 expositiS,
1227 3359 1381 3417 ratio
1427 3359 1481 3416 A
1512 3356 1591 3416 ad
1622 3356 1669 3415 C
1710 3354 2096 3433 componitur

609 3477 684 3515 ex
724 3455 1060 3515 rationibus
1103 3453 1160 3511 A
1195 3452 1274 3511 ad
1305 3453 1354 3511 B
1387 3461 1448 3511 et
1474 3452 1522 3510 B
1554 3450 1633 3510 ad
1664 3450 1747 3508 C:
1794 3459 1856 3507 et
1885 3467 2093 3506 rursus

608 3551 763 3610 ratio
795 3551 844 3609 C
873 3549 952 3609 ad
976 3549 1031 3608 A
1061 3547 1450 3625 componitur
1481 3565 1555 3605 ex
1585 3544 1822 3604 ratione
1854 3543 1902 3602 C
1931 3541 2012 3602 ad
2042 3542 2092 3600 B

609 3656 672 3704 et
703 3645 938 3704 ratione
970 3643 1018 3701 B
1049 3640 1127 3701 ad
1159 3641 1230 3699 A.
