2462 4120
541 391 1063 434 MATHEMATICAE
1102 394 1507 436 HomERNAE.
1770 384 1884 438 133

143 535 206 595 in
244 563 274 592 a
321 533 409 593 ad
460 534 509 592 B
552 533 614 591 z‘n
663 539 742 600 β,·
803 530 931 589 Sive
981 529 1166 589 etiam
1217 529 1474 605 ratio-33—
1506 533 1769 592 dueatur
1821 535 1883 593 in

139 639 435 698 rationem
470 630 554 730 ᾖ,
585 643 651 695 nt
683 635 1020 716 proveniat
1049 631 1118 708 ξ
1151 635 1213 692 in
1244 628 1336 727 ᾖ,
1366 636 1637 715 perinde
1666 647 1779 698 est.

222 735 299 797 B.
345 735 556 795 Oratio
581 734 828 813 quidem
850 733 1026 793 valde
1058 733 1392 812 symbolica
1422 744 1532 806 est,
1566 737 1672 795 sed
1699 758 1880 815 quam

138 850 263 891 non
293 831 588 910 intelligo.
675 830 1007 908 Nunquam
1040 830 1202 888 enim
1233 829 1624 907 multiplicari
1654 831 1883 910 aliquid

138 925 360 998 audivi,
391 946 590 1005 neque
627 924 952 1004 imaginari
991 944 1261 1003 possum,
1307 924 1424 983 nisi
1462 932 1531 983 ut
1572 926 1748 983 fieret
1786 927 1883 986 vel

135 1019 415 1098 multiplo
445 1021 660 1099 major,
687 1039 906 1098 nempe
939 1018 1184 1097 quando
1218 1019 1643 1097 multiplicatio
1674 1020 1744 1079 fit
1773 1041 1882 1098 per

136 1133 458 1174 numerum
508 1114 837 1192 integrum,
885 1113 983 1172 vel
1028 1113 1310 1192 multiplo
1364 1113 1581 1186 minor,
1636 1115 1880 1192 quando

135 1208 548 1287 multiplicans
608 1219 698 1268 est
757 1228 1045 1267 numerus
1104 1208 1354 1267 fractus,
1473 1207 1616 1267 Non
1673 1209 1881 1287 itaque

135 1303 412 1383 intelligo
456 1303 762 1382 quomodo
811 1302 1041 1382 aliquid
1091 1302 1483 1381 multiplicari
1528 1303 1720 1381 possit
1765 1305 1883 1363 nisi

134 1418 246 1478 per
273 1418 597 1457 numerum
627 1398 936 1476 integrum
968 1397 1062 1456 vel
1087 1397 1372 1456 fractum.
1441 1397 1700 1456 Veniam
1733 1418 1879 1476 ergo

135 1493 287 1552 mihi
327 1492 498 1552 dabit
537 1492 864 1564 Wallisius‚
915 1492 966 1551 si
1015 1512 1138 1551 non
1186 1491 1526 1571 intelligam
1572 1493 1880 1570 quomodo

135 1588 293 1647 ratio
325 1588 378 1646 A
402 1588 481 1647 ad
511 1588 560 1647 B
594 1587 733 1646 duci
770 1587 963 1666 possit
1004 1588 1067 1645 in
1115 1586 1416 1645 rationem
1447 1616 1477 1641 α
1508 1586 1587 1646 ad
1614 1593 1668 1655 β.
1759 1588 1879 1647 Ra-

137 1683 366 1742 tionem
410 1702 519 1760 per
570 1702 894 1741 numerum
939 1681 1333 1759 multiplicari
1372 1701 1570 1760 posse,
1603 1682 1765 1751 scio;
1812 1692 1880 1742 ut

137 1777 381 1855 quando
412 1777 568 1836 ratio
601 1777 1007 1856 multiplicata
1035 1796 1145 1856 per
1176 1785 1234 1850 2,
1267 1776 1634 1855 duplicatur,
1674 1787 1736 1837 et
1771 1798 1881 1856 per

136 1879 194 1944 3,
217 1871 580 1950 triplicatur,
603 1881 663 1931 et
693 1892 804 1950 per
833 1888 886 1951 ὲ,
910 1873 981 1931 fit
1001 1871 1156 1930 ratio
1181 1871 1436 1930 rationis
1461 1872 1878 1950 sesquialtera.

218 1965 300 2026 A.
349 1966 420 2025 In
463 1967 629 2026 omni
668 1966 1180 2046 multiplicatione
1223 1967 1294 2026 fit
1344 1977 1415 2025 ut
1467 1966 1880 2046 multiplicans

134 2060 212 2121 ad
242 2062 563 2135 unitatem,
595 2062 682 2122 ita
710 2063 1047 2142 productus
1077 2062 1156 2121 ad
1186 2061 1680 2141 multiplicatum.
1757 2063 1880 2122 Ita-.

136 2175 253 2235 que
299 2166 450 2234 quot
501 2158 774 2217 continet
816 2158 1085 2217 unitates
1137 2158 1294 2217 ratio
1335 2158 1392 2215 A
1438 2157 1516 2217 ad
1568 2158 1638 2232 Β,
1693 2159 1877 2218 toties

321 2254 348 2278 α

141 2259 207 2337 ξ-
227 2261 290 2322 in
315 2303 347 2354 β
375 2263 649 2322 continet
672 2263 973 2322 rationem
997 2292 1027 2320 α
1053 2263 1131 2322 ad
1153 2276 1208 2337 β.
1252 2263 1476 2322 Sanine
1500 2273 1640 2322 sunt
1665 2264 1767 2342 qui
1792 2263 1877 2322 sic

134 2358 506 2438 loquuntur?
595 2362 721 2420 Aut
749 2362 1155 2440 professorem
1196 2363 1381 2421 talem
1427 2362 1588 2421 ferre
1633 2382 1877 2441 aequum

136 2466 228 2513 est
258 2455 656 2529 academiCOS,
683 2456 733 2515 si
765 2457 842 2516 ad
873 2457 1043 2516 illum
1080 2457 1471 2536 expuendum
1510 2459 1656 2516 satis
1688 2458 1873 2517 habe-

134 2559 273 2631 rent
302 2550 564 2609 virium?
662 2551 849 2611 Paulo
892 2564 1055 2631 post,
1097 2573 1237 2612 cum
1278 2553 1530 2612 dixisset
1573 2554 1876 2612 rationem

137 2632 381 2722 duplam
433 2647 716 2724 componi
767 2666 842 2705 ex
893 2647 1292 2726 sesquialtera
1337 2658 1400 2706 et
1448 2648 1872 2726 sesquitertia:

143 2736 331 2815 (quod
359 2759 570 2798 verum
601 2751 714 2813 est,
746 2741 796 2800 si
826 2762 935 2819 per
964 2743 1268 2801 rationem
1308 2742 1557 2821 duplam
1587 2743 1875 2821 intelligit

137 2830 435 2892 rationem
475 2834 644 2914 dupli
674 2836 752 2895 ad
793 2837 1114 2915 simplum;
1162 2837 1389 2916 alioqui
1428 2837 1684 2907 falsum3
1732 2859 1875 2897 nam

139 2924 324 3003 dupla
352 2928 506 2988 ratio
527 2931 760 3008 -exponi
789 2951 898 3010 per
932 2933 1250 3010 pauciores
1293 2952 1476 3010 quam
1508 2944 1633 2992 tres
1665 2934 1874 2992 termi-

138 3039 251 3079 nos
280 3041 404 3080 non
435 3033 654 3100 potest,
699 3036 768 3084 ut
799 3046 910 3085 nec
940 3027 1100 3086 ratio
1141 3027 1357 3106 simpla
1397 3048 1506 3106 per
1556 3030 1873 3106 pauciores

141 3134 322 3192 quam
354 3115 561 3193 duos):
609 3121 941 3198 subjungit,
979 3121 1091 3180 lzoe
1129 3131 1244 3194 est,
1285 3131 1353 3182 ut
1396 3122 1718 3202 loquuntur
1748 3144 1874 3182 mu-

138 3209 276 3283 sici,
308 3230 384 3268 ex
407 3210 701 3290 diapente
729 3224 791 3273 et
821 3216 1214 3276 diatessaron
1245 3218 1623 3298 componitur
1648 3219 1875 3299 diapa-

139 3324 265 3362 son.
352 3303 659 3364 Verumne
687 3307 845 3367 hoc?

226 3408 307 3467 B.
352 3409 650 3486 Equidem
679 3413 826 3472 artis
856 3416 1104 3475 musicae
1138 3417 1456 3495 imperitus
1488 3437 1640 3476 sum.
1734 3416 1871 3475 Scio

139 3511 346 3562 tamen
366 3523 440 3561 ex
461 3503 742 3582 diapente
763 3516 823 3566 et
846 3509 1226 3570 diatessaron
1247 3513 1530 3589 componi
1560 3512 1870 3589 diapason.

223 3598 304 3657 A.
353 3597 472 3657 Sed
505 3619 540 3658 a
570 3609 715 3660 tono
746 3602 867 3662 imo
907 3604 986 3662 ad
1028 3607 1310 3683 quintum
1357 3616 1507 3684 quot
1553 3624 1873 3665 numeran-

141 3699 242 3751 t'ur
271 3691 403 3752 toni
427 3691 446 3749 ?

1956 555 2207 588 DIALOGUS

2039 623 2105 656 IV.

1949 679 2188 708 s-—f-ae
