2462 4120
505 349 623 402 282
1041 362 1128 403 DE
1162 362 1441 405 NATURA
1472 362 1695 405 AERIS.

530 533 534 537 >
586 496 666 556 A.
714 496 798 556 Ut
848 497 1214 577 diaphanum
1265 500 1577 578 quodlibet
1628 509 1718 559 est
1761 500 2090 579 speculum,
2135 500 2222 560 sic

505 610 744 669 quoque
779 601 980 669 partes
1026 595 1153 671 ejus
1197 594 1763 672 quantulaecunque,
1794 595 1909 653 nisi
1936 594 2132 672 planae
2161 603 2224 654 et

505 686 568 744 in
599 685 811 744 eodem
852 686 1033 764 plano
1081 688 1219 759 sint,
1257 696 1398 745 sunt
1426 687 1682 746 totidem
1711 688 1971 765 specula,
2001 707 2225 764 reprae-

505 789 863 860 sentantque
887 781 1143 840 totidem
1168 781 1405 858 objecta
1433 780 1652 852 lucida,
1672 781 1776 839 sed
1804 782 2222 854 minutissima,

496 893 761 952 ,quorum
818 875 1109 953 imagines
1166 873 1455 932 confertae
1513 874 1800 933 exhibent
1856 895 1980 934 non
2036 895 2225 934 unum

504 967 774 1027 lucidum
801 989 1105 1047 magnum,
1130 967 1236 1026 sed
1267 987 1338 1025 ex
1371 967 1650 1026 omnibus
1682 968 2006 1027 conflatum
2035 989 2226 1028 unum

505 1061 772 1121 colorem
801 1063 879 1122 ad
906 1063 1102 1121 lucem
1124 1061 1396 1139 proxime
1426 1060 1833 1133 accedentem,
1853 1082 2033 1140 quam
2050 1083 2224 1123 voca-

506 1175 638 1215 mus
696 1155 1048 1215 albedinem.
1145 1155 1359 1233 Itaque
1418 1174 1761 1232 corporum,
1819 1175 1953 1233 quae
2007 1166 2227 1216 natura

505 1250 641 1309 alba
670 1260 829 1320 sunt,
861 1249 1206 1328 superficies
1246 1257 1527 1307 constant
1571 1268 1644 1307 ex
1679 1249 2105 1326 superficiebus
2134 1250 2225 1309 in-

504 1344 789 1415 numeris,
818 1364 944 1422 prae
975 1342 1307 1420 exiguitate
1339 1341 1583 1419 quidem
1613 1342 1921 1421 sigillatim
1943 1342 2076 1402 visu
2103 1362 2227 1403 non

503 1438 1017 1517 perceptibilibuS,
1049 1437 1333 1495 convexis
1364 1444 1586 1508 tamen,
1623 1447 1685 1495 et
1714 1456 1821 1514 per
1852 1456 2228 1515 consequens

503 1533 700 1591 lucem
731 1533 817 1591 ita
845 1530 1316 1601 reflectentibuS,
1349 1539 1416 1589 ut
1446 1531 1520 1589 ab
1552 1531 1717 1589 omni
1753 1539 1927 1608 parte
1967 1530 2045 1590 ad
2083 1551 2226 1590 ocu-

503 1628 630 1686 lum
674 1625 990 1704 pervenire
1036 1624 1229 1702 possit
1277 1633 1515 1683 tantum
1559 1624 1887 1696 radiorum,
1933 1634 2227 1703 quantum

506 1721 724 1780 sufficit
772 1718 850 1779 ad
899 1718 1239 1778 faciendam
1280 1718 1611 1787 visionem;
1657 1718 1818 1797 quod
1866 1719 2109 1798 quidem
2150 1719 2227 1778 ab

505 1836 625 1874 una
655 1814 925 1892 simplice
958 1811 1273 1890 superficie
1302 1812 1434 1870 fieri
1463 1832 1582 1871 non
1616 1821 1836 1890 potest.

588 1911 668 1969 B.
717 1908 973 1970 Qualem
1004 1917 1207 1966 autem
1247 1907 1625 1985 superficiem
1654 1907 1876 1966 habere
1911 1905 2092 1966 debet
2121 1907 2227 1967 ob—

498 2004 752 2080 jectum,
781 2010 850 2060 ut
880 2010 1168 2080 appareat
1199 2000 1438 2079 nigrum
1466 2000 1485 2059 Ρ

587 2095 663 2156 A.
709 2097 795 2155 Ut
825 2095 1025 2155 album
1052 2095 1192 2168 luci,
1216 2095 1302 2154 ita
1330 2094 1571 2176 nigrum
1599 2094 1863 2154 tenebris
1893 2094 2084 2154 simile
2114 2103 2223 2154 est.

505 2192 585 2250 Et
632 2200 954 2269 propterea
999 2189 1346 2268 superficies
1399 2189 1668 2268 corporis
1714 2189 1873 2266 nigri
1916 2189 2053 2247 talis
2097 2208 2228 2248 esse

508 2286 704 2357 debet,
734 2293 801 2344 ut
840 2284 1039 2343 nullus
1083 2283 1288 2342 radius
1325 2282 1446 2361 (vel
1482 2282 1852 2362 paucissimi)
1887 2302 2095 2342 eorum
2126 2283 2230 2362 qui

508 2381 583 2439 ab
615 2378 851 2457 objecto
880 2377 1082 2436 lucido
1112 2377 1175 2436 in
1218 2397 1351 2436 eam
1395 2377 1690 2449 incidunt,
1722 2377 1951 2436 reflecti
1978 2377 2064 2436 ita
2090 2396 2228 2455 pos-

509 2474 603 2547 sit,
633 2483 703 2532 ut
733 2473 811 2532 ad
843 2472 1085 2531 oculum
1115 2471 1432 2550 perveniat
1460 2472 1804 2550 ubicunque
1832 2471 2115 2549 positum.

593 2566 672 2627 B.
723 2566 1079 2627 Qualisnam
1110 2574 1204 2624 est
1232 2565 1379 2624 illa?

591 2659 667 2720 A.
712 2662 800 2720 Ea
822 2681 956 2740 quae
987 2660 1372 2739 componitur
1401 2679 1476 2717 ex
1504 2659 1797 2736 partibUS,
1818 2658 2230 2718 minutissimis

511 2755 755 2835 quidem
784 2766 844 2814 et
874 2775 1008 2833 quae
1037 2754 1233 2812 visum
1273 2753 1525 2830 singulae
1567 2753 1828 2832 fugiunt,
1861 2753 1965 2813 sed
1995 2753 2230 2813 erectis·

511 2851 672 2910 Nam
702 2850 752 2908 si
781 2849 1199 2908 minutissimae
1231 2848 1351 2906 sint
1381 2846 1729 2926 eaedemque
1759 2857 1996 2917 erectae,
2039 2847 2232 2907 omnis

509 2944 714 3004 radius
741 2944 804 3002 in
835 2963 966 3002 eam
1006 2943 1278 3002 incidens
1307 2962 1344 3001 a
1372 2941 1574 3001 lucido
1618 2942 1856 3020 objecto
1885 2942 2233 3020 ubicunque

511 3038 728 3118 posito,
759 3038 1103 3097 reflectatur
1132 3037 1196 3095 in
1226 3036 1565 3114 subjectum
1597 3056 1833 3114 corpus,
1864 3045 1927 3095 et
1953 3055 2062 3115 per
2092 3056 2234 3095 con-

513 3151 767 3210 sequens
797 3132 873 3190 ad
897 3121 1135 3191 oculum
1154 3131 1359 3190 venire
1384 3150 1507 3189 non
1534 3139 1771 3208 potest:
1803 3139 1862 3190 et
1886 3130 1972 3190 sic
1993 3130 2234 3211 nigrum

512 3247 637 3285 non
665 3235 790 3285 tam
819 3226 1079 3299 videtur,
1123 3246 1304 3305 quam
1334 3245 1369 3284 a
1399 3224 1828 3286 circumstante
1857 3225 2077 3286 visibili
2111 3224 2233 3285 dis—

514 3321 831 3398 tinguitur.

599 3415 680 3474 B.
727 3415 905 3474 Hanc
956 3415 1150 3493 ipsam
1197 3413 1532 3493 nigredinis
1578 3433 1822 3474 causam
1864 3413 2128 3474 reddidit
2170 3414 2234 3473 in

514 3510 828 3588 frequente
869 3529 1153 3568 consessu
1195 3529 1351 3569 unus
1393 3529 1465 3568 ex
1499 3509 1741 3582 nostriS,
1772 3509 1884 3568 tibi
1907 3510 2062 3569 bene
2092 3528 2234 3587 cog-

515 3604 678 3664 nitus
719 3612 778 3664 et
819 3602 1085 3664 amicus:
1131 3603 1236 3663 sed
1282 3624 1403 3664 non
1447 3603 1765 3682 persuasit.
1856 3604 2233 3683 Responsum
