2462 4120
481 369 596 423 190
837 383 1283 426 EXAMINATIO
1318 382 1403 423 ET
1435 382 1847 425 EMENDATIO

159 539 409 572 mALoGns
475 519 740 579 dicerem
781 522 1162 600 plagiarium.
1252 519 1373 579 Sed
1422 539 1541 597 quo
1581 528 1736 580 teste
1765 540 1894 580 rem
1944 521 2031 580 ita
2073 541 2201 581 esse

162 607 400 687 „JV-d
473 615 841 691 probaverit,
866 618 917 676 si
946 637 1096 695 opus
1128 616 1204 673 sit
1229 614 1248 672 ἒ

557 709 640 767 B.
687 709 986 770 Quaesivit
1017 709 1296 768 Hobbius
1318 726 1423 784 per
1442 706 1758 784 epistolam
1777 727 1813 766 a
1832 717 2049 786 quarto
2074 707 2199 780 illo,

475 821 829 879 quem·non
875 801 1233 869 nominavit,
1284 808 1490 857 utrum
1536 799 1811 859 chartula
1858 801 1962 860 illa
2010 801 2199 879 ipsius

474 905 633 955 esset
662 897 1029 968 Robervalli,
1060 913 1272 953 necne.
1362 893 1420 951 Is
1467 902 1672 952 autem
1718 896 1951 953 nescire
2002 915 2066 954 se
2109 915 2200 954 re-

474 990 734 1068 scripsit,
767 992 938 1069 cujus
970 997 1161 1056 esset;
1209 986 1316 1045 sed
1336 997 1619 1065 paratum
1671 1007 1734 1046 se
1781 998 2003 1047 testem
2050 1008 2198 1060 esse,

471 1083 671 1143 lucem
701 1095 763 1144 et
786 1084 1140 1144 methodum
1172 1081 1706 1140 demonstrationis
1738 1101 1861 1140 suae
1896 1082 2199 1160 accepisse

471 1178 548 1237 ab
574 1180 819 1239 Hobbio
852 1176 1302 1238 Robervallum.
1363 1175 1465 1233 Sic
1496 1176 1658 1233 enim
1689 1175 1902 1234 scribit
1941 1176 2196 1236 Gallice:

471 1276 508 1303 “
525 1273 562 1331 J
567 1293 599 1332 e
630 1277 771 1353 n’ay
800 1293 907 1352 pas
937 1292 1053 1331 veu
1084 1291 1149 1330 sa
1179 1269 1683 1341 demonstration,
1708 1270 1863 1328 mais
1894 1271 2200 1348 ququu’il

467 1366 644 1440 fasse,
676 1368 718 1426 il
747 1388 822 1427 ne
845 1376 991 1446 peut
1020 1364 1262 1424 desnier
1308 1382 1425 1442 que
1474 1383 1625 1422 vous
1671 1382 1749 1421 ne
1795 1383 1976 1442 soyez
2019 1366 2199 1423 cause

453 1462 614 1538 ‹qu'il
638 1462 723 1521 ait
754 1462 970 1521 trouve
1003 1468 1163 1519 cette
1191 1457 1593 1537 proposition,
1623 1458 1880 1535 puisque
1902 1477 2052 1516 vous
2094 1458 2199 1537 luy

468 1575 614 1614 avez
646 1555 846 1615 donne
868 1555 1060 1627 l'ide'e,
1086 1563 1148 1614 et
1185 1554 1242 1612 le
1273 1554 1431 1631 sujet
1475 1552 1549 1611 de
1578 1552 1638 1610 la
1666 1562 1930 1611 trouver.
2035 1552 2198 1613 C’est

467 1669 537 1708 ce
569 1670 685 1728 que
709 1652 772 1728 je
801 1650 1250 1728 tesmoigneray
1272 1646 1636 1725 tousjours.''

550 1745 631 1802 B.
680 1745 985 1804 Quoniam
1035 1742 1342 1822 parabolae
1389 1750 1452 1800 et
1501 1739 1998 1818 paraboloideum
2057 1761 2196 1800 cum

459 1838 1058 1917 parallelogrammis,
1084 1849 1147 1897 et
1172 1835 1536 1895 conoideum
1559 1855 1696 1893 cum
1721 1834 2010 1913 cylindris
2029 1856 2195 1895 com-

458 1933 855 2010 parationem,
887 1953 1085 2011 neque
1115 1930 1404 1990 methodo
1433 1929 1549 1988 hac
1590 1929 1965 2002 Wallisiana,
1994 1950 2193 2010 neque

458 2026 536 2084 ab
580 2027 703 2085 ullo
751 2027 869 2086 alio
922 2027 1298 2105 (quanquam
1326 2023 1510 2101 vulgo
1556 2022 1890 2101 receptam)
1943 2016 2195 2083 demon-

459 2121 856 2180 strationibus
888 2121 1066 2180 editis
1098 2121 1582 2179 demonstratam
1613 2136 1743 2175 esse
1776 2117 1947 2189 dicis,
1979 2138 2111 2197 age,
2143 2118 2194 2176 si

459 2235 640 2293 quam
669 2216 856 2275 habes
880 2217 932 2292 ej
943 2235 1011 2274 us
1041 2215 1130 2273 rei
1157 2212 1762 2284 demonstrationem,
1786 2210 1990 2289 profer
2006 2211 2190 2272 illam.

541 2308 618 2368 A.
664 2311 994 2382 Proferam,
1025 2319 1198 2388 put0,
1224 2326 1478 2385 eamque
1498 2305 1920 2366 universalem.

541 2404 936 2465 Describatur
964 2404 1284 2484 parallelo-

456 2519 795 2577 grammum
817 2500 1070 2569 ABCD;
1102 2500 1282 2559 intel-

456 2595 801 2674 ligaturque
823 2596 983 2654 basis
1011 2596 1120 2655 AB
1152 2615 1280 2654 mo-

456 2690 586 2749 veri
613 2691 903 2768 parallela
927 2691 1005 2750 ad
1036 2691 1162 2764 CD,
1194 2691 1281 2750 ita

457 2794 545 2856 ut,
604 2785 750 2844 dum
799 2796 1098 2860 movetur,
1139 2806 1278 2865 per-

455 2889 640 2959 petuo
704 2881 1016 2941 decrescat
1082 2882 1278 2941 donec

458 2984 777 3036 evanescat
812 2977 875 3035 in
918 2987 1147 3056 puncto
1185 2977 1274 3043 C;
1339 2987 1369 3017 G

458 3072 656 3150 sitque
726 3072 883 3131 ratio
908 3067 911 3071 ’
960 3072 1276 3131 diminutae

456 3165 567 3226 AB
597 3166 676 3225 ad
724 3166 918 3244 ipsam
966 3167 1074 3225 AB
1120 3167 1278 3226 inte·
1330 3185 1363 3216 Η

456 3280 630 3340 gram
652 3260 879 3339 ubique
903 3260 1115 3320 eadem
1139 3282 1275 3340 quae

456 3356 615 3416 ratio
685 3355 795 3414 AC
858 3355 937 3415 ad
993 3356 1122 3428 AG,
1180 3357 1277 3416 vel

455 3451 681 3530 ubique
701 3450 1030 3529 duplicata,
1050 3451 1147 3510 vel
1169 3452 1275 3509 tri-

455 3547 699 3625 plicata,
728 3545 825 3605 vel
854 3545 917 3604 in
962 3545 1080 3604 alia
1119 3563 1481 3627 quacunque
1531 3549 1768 3608 ratione
1819 3545 2071 3606 rationis
2109 3544 2188 3603 ad

454 3641 774 3700 rationem.
863 3640 1025 3699 Dum
1067 3639 1176 3697 AB
1208 3660 1280 3699 eo
1312 3642 1494 3702 modo
1542 3642 1858 3713 decrescit,
1887 3649 2187 3720 punctum
