2462 4120
788 363 877 405 DE
913 363 1198 405 NATURA
1231 364 1457 408 AERIS.
1871 355 1991 421 257

344 508 424 569 A.
471 504 590 565 Sed
628 512 690 563 et
725 502 1040 582 particulae
1084 502 1222 575 illae,
1258 523 1393 581 quae
1433 504 1817 584 interspersae
1863 512 1989 569 aeri

258 603 346 662 ita
375 607 692 660 moventur
721 607 791 656 ut
821 596 1265 675 supposuimus,
1303 599 1496 675 magis
1528 600 1817 662 confertae
1849 615 1988 664 sunt

257 695 333 755 ad
385 693 647 753 radicem
701 691 924 750 montis
978 709 1160 767 quam
1208 689 1271 748 in
1323 710 1577 751 summo.
1667 693 1825 754 Nam
1870 698 1988 756 hoc

257 806 492 867 quoque
517 785 964 864 supposuimus,

333 882 414 940 B.
460 881 532 939 In
562 899 666 938 vas
712 888 992 957 apertum
1034 875 1368 936 infudimus
1420 899 1680 956 aquam;
1726 883 1788 940 in
1831 904 1988 962 aqua

252 975 516 1036 fistulam
562 974 886 1033 statuimus
932 981 1221 1043 erectam,
1262 971 1529 1052 longam,
1576 976 1985 1037 exilissimam.

251 1069 718 1131 observavimus
777 1078 983 1126 autem
1040 1085 1260 1143 aquarn
1323 1088 1356 1126 e
1408 1088 1551 1127 vase
1600 1070 1873 1147 subjecto
1924 1073 1987 1132 in

251 1174 517 1224 erectam
547 1163 811 1222 fistulam
842 1164 1206 1223 ascendisse.

333 1258 415 1317 A.
461 1258 592 1317 Nec
623 1257 861 1317 mirum.
950 1258 1112 1317 Nam
1160 1258 1543 1336 superficiem
1590 1278 1764 1336 aquae
1799 1260 1987 1336 parti-

250 1353 402 1412 culae
433 1353 559 1412 aeri
588 1352 974 1431 interspersae
1004 1373 1297 1431 aquaeque
1323 1353 1647 1432 contiguae,
1674 1363 1849 1412 motu
1880 1374 1986 1413 suo

249 1448 693 1515 verberabant3
739 1447 825 1506 ita
874 1456 943 1506 ut
992 1468 1152 1526 aqua
1194 1467 1319 1506 non
1363 1447 1565 1525 potuit
1611 1447 1675 1506 in
1719 1448 1987 1507 fistulam

248 1563 373 1602 non
425 1541 772 1615 ascendere,
806 1550 868 1601 et
910 1541 1276 1601 sensibiliter
1320 1541 1567 1620 quidem
1614 1543 1676 1600 in
1720 1542 1987 1602 fistulam

247 1637 424 1697 valde
455 1646 794 1715 angustam.

331 1731 409 1791 B.
457 1732 754 1791 Revertor
803 1731 882 1790 ad
932 1732 1336 1810 phaenomena
1388 1732 1686 1791 machinae
1740 1743 1986 1792 nostrae.

250 1827 316 1886 Si
347 1826 479 1904 quis
518 1836 658 1905 post
701 1826 1126 1904 impulsionem
1171 1826 1694 1905 revulsionemque
1728 1827 1987 1886 suctoris

249 1921 568 1999 aliquoties
620 1922 965 1998 repetitam,
1018 1921 1406 1999 epistomium
1462 1922 1710 2000 superni
1770 1921 1986 1980 orificii

247 2015 595 2094 recipientis
647 2024 902 2074 conetur
943 2016 1281 2088 extrahere,
1318 2016 1590 2075 inveniet
1630 2016 1780 2077 illud
1808 2016 1985 2075 valde

247 2109 571 2189 gravitare,
614 2120 907 2188 tanquam
945 2110 995 2169 si
1038 2110 1370 2168 multarum
1413 2110 1706 2170 librarum
1746 2110 1985 2190 pondus

248 2205 324 2264 ab
355 2191 427 2264 eo
456 2204 769 2284 penderet.
860 2204 1038 2264 Unde
1064 2204 1366 2282 contingit
1394 2205 1512 2264 hoc
1539 2203 1558 2263 ?

334 2299 414 2359 A.
459 2299 555 2358 Ab
603 2299 778 2372 aeris,
834 2300 938 2378 qui
985 2309 1078 2359 est
1128 2300 1192 2358 in
1245 2299 1600 2377 recipiente,
1652 2299 1984 2359 fortissimo

251 2402 475 2454 conatu
531 2394 830 2467 circulari,
886 2394 1048 2453 facto
1100 2415 1136 2453 a
1180 2394 1451 2453 violento
1504 2394 1785 2473 ingressu
1831 2394 1987 2453 aeris

252 2489 412 2548 inter
467 2489 846 2567 superficiem
906 2489 1165 2548 suctoris
1224 2509 1559 2548 convexam
1616 2498 1678 2549 et
1728 2489 1987 2568 cylindri

255 2603 602 2657 concavam,
642 2593 936 2661 generato
987 2605 1097 2663 per
1135 2584 1418 2643 iteratam
1465 2584 1633 2644 illam
1675 2585 1986 2662 impulsio-

253 2697 393 2736 nem
435 2677 952 2759 revulsionemque
992 2679 1269 2751 suctoriS,
1303 2699 1486 2758 quam
1517 2699 1621 2738 vos
1667 2699 1988 2758 perperam

254 2771 484 2830 vocatis
531 2772 913 2833 exuctionem
956 2775 1132 2834 aeris,
1237 2774 1397 2833 Nam
1449 2786 1703 2853 propter
1752 2784 1988 2832 naturae

256 2864 715 2943 plenitudinem,
741 2868 1124 2946 epistomium
1158 2870 1398 2929 extrahi
1428 2890 1554 2928 non
1584 2877 1806 2947 potest,
1841 2869 1987 2946 quin

257 2978 378 3033 aer,
412 2959 521 3037 qui·
545 2970 636 3019 est
664 2961 727 3019 in
758 2963 1091 3042 recipiente
1131 2965 1449 3043 epistomio
1494 2964 1836 3042 contiguus,
1867 2982 1989 3020 una

259 3052 664 3113 extrahendus
713 3054 807 3114 sit.
898 3057 1021 3118 Qui
1071 3058 1318 3136 quidem
1368 3078 1473 3118 aer
1525 3058 1576 3117 si
1628 3058 1986 3136 quiesceret,

257 3146 540 3205 facillime
580 3148 962 3226 epistomium
1007 3163 1380 3231 sequeretur.
1473 3152 1595 3212 Sed
1642 3153 1786 3212 dum
1826 3151 1988 3209 velo—

260 3241 495 3300 cissime
554 3242 787 3315 circuit,
834 3248 979 3306 satis
1033 3247 1356 3307 difficulter
1415 3248 1707 3327 sequitur,
1737 3240 1819 3304 'id
1879 3255 1987 3316 est,

259 3335 501 3395 videtur
530 3355 658 3395 esse
686 3338 859 3397 valde
890 3341 1108 3418 gravis

340 3428 419 3489 B.
461 3429 800 3491 Verisimile
832 3445 939 3493 est.
1027 3436 1189 3496 Nam
1234 3447 1306 3496 ut
1356 3457 1461 3496 aer
1507 3456 1699 3496 novus
1735 3435 1796 3493 in
1836 3434 1989 3494 reci-

256 3525 429 3603 piens
457 3525 751 3603 paulatim
780 3527 1142 3602 admittitur,
1173 3533 1356 3592 etiam
1399 3540 1792 3609 apparentem
1823 3527 1986 3586 illam

259 3618 623 3696 gravitatem
652 3621 943 3697 paulatim
977 3625 1198 3703 perdit.
1284 3626 1563 3685 Vidimus
1594 3626 1740 3684 item
1770 3641 1987 3699 aquam

425 3731 579 3773 VOL.
613 3732 704 3774 lv.
1789 3734 1818 3773 s
