2462 4120
560 346 1084 391 MATHEMATICAE
1121 347 1524 389 HODIERNAE.
1826 334 1905 399 97

181 493 379 553 minus
422 490 671 550 denotat
722 506 1045 547 numerum
1095 505 1277 565 quem
1327 487 1672 564 quaerimuS,
1726 508 1910 566 quam
1971 507 2224 541 mALoGus

180 587 356 647 litera
382 585 458 658 A,
488 584 583 643 vel
609 583 682 656 R,
713 583 810 641 vel
840 582 1159 641 character
1175 600 1229 659 p
1251 583 1285 638 ,9
1357 580 1484 639 Aut
1512 582 1712 641 minus
1742 591 1911 642 recte
1980 633 1990 646 ,
2066 575 2141 608 ¹¹¹·
2208 631 2218 643 .

184 680 454 741 dicemus
501 676 752 758 qaoesz'tz'
783 675 1171 756 quadratum,
1204 693 1386 752 quam
1433 675 1584 748 AA,
1636 678 1735 736 vel
1781 680 1913 757 Aq‚

180 775 278 836 vel
301 771 416 834 ΑΞ.)

263 869 346 928 B.
394 865 514 926 Sed
543 864 787 924 brevior
828 872 922 923 est
972 862 1223 940 scriptio
1271 882 1381 942 per
1425 862 1666 921 literam
1708 883 1912 938 unam,

182 982 363 1044 quam
389 980 500 1041 per
523 961 829 1039 integrum
860 957 1242 1017 vocabulum.

267 1056 348 1116 A.
398 1055 536 1115 Hoc
567 1054 810 1134 quidem
845 1051 1117 1112 concedo
1150 1051 1263 1111 tibi
1294 1052 1369 1111 de
1396 1051 1697 1111 brevitate
1729 1053 1917 1131 scrip-

182 1150 386 1223 tioniS,
412 1170 539 1208 non
583 1157 789 1208 autem
829 1146 905 1206 de
935 1145 1233 1205 brevitate
1281 1145 1731 1224 cogitatorum3
1779 1146 1919 1222 quia

183 1266 310 1306 non
349 1245 732 1304 characteres
772 1242 905 1315 soli,
946 1261 1060 1300 nec
1092 1240 1221 1300 sola
1249 1242 1454 1313 verba,
1487 1239 1596 1299 sed
1633 1260 1730 1299 res
1776 1240 1920 1318 ipsae

185 1339 533 1419 cogitandae
564 1346 725 1410 sunt,
759 1356 896 1415 quae
927 1336 1271 1395 abbreviari
1293 1355 1417 1396 non
1446 1345 1725 1414 possunt.

272 1434 353 1494 B.
399 1433 624 1493 Nescio
655 1431 802 1510 quid
830 1429 1253 1509 respondeam.

271 1529 352 1590 A.
397 1527 654 1600 Deinde,
702 1526 752 1585 si
797 1525 1128 1584 necessitas
1177 1523 1283 1583 illa
1326 1523 1607 1582 absoluta
1650 1543 1775 1582 non
1823 1523 1921 1595 sit,

186 1623 296 1683 sed
324 1643 399 1683 ex
429 1621 742 1701 supposita
780 1620 1096 1692 brevitate,
1129 1618 1277 1698 quid
1319 1618 1484 1678 dices
1532 1617 1608 1677 de
1653 1617 1922 1677 secundo

186 1738 300 1778 usu
319 1717 748 1797 symbolorum,
773 1734 1012 1793 nempe,
1040 1714 1116 1773 de
1139 1714 1463 1784 brevitate,
1484 1733 1670 1792 quare
1693 1713 1924 1792 primus

186 1831 331 1871 usus
359 1831 484 1871 non
508 1811 587 1870 sit
617 1829 1105 1890 supervacaneus
1130 1809 1150 1868 ἓ

271 1905 352 1966 B.
399 1905 623 1965 Nescio
651 1906 770 1965 hoc
801 1925 1062 1983 quoque.

275 2000 355 2061 A.
401 1999 637 2060 Deinde
696 2000 862 2079 quod
920 1999 1094 2059 addit
1116 1998 1543 2058 z—brevitatz's
1594 2007 1656 2058 et
1689 1998 1926 2078 facili-

190 2095 340 2156 tatis
370 2115 583 2168 causa,
609 2115 741 2155 cum
771 2094 933 2155 illud
974 2115 1090 2154 non
1138 2114 1288 2153 raro
1334 2094 1520 2154 citius
1558 2103 1928 2174 peragatur

178 2209 301 2270 per
329 2189 602 2269 symbola
630 2210 736 2249 seu
764 2190 1028 2271 speciae,
1054 2211 1228 2269 quam
1249 2209 1380 2270 per
1409 2190 1582 2270 ipsos
1610 2210 1885 2249 numeros
1904 2213 1926 2249 .·

187 2284 384 2343 -nisi
412 2285 792 2364 intelligatur
822 2285 898 2345 de
927 2285 1281 2364 scriptione,
1310 2284 1530 2343 falsum
1560 2293 1672 2344 est.
1766 2285 1927 2344 Nam

187 2385 250 2437 et
265 2398 381 2452 ΓΕΒ,
402 2387 462 2439 et
481 2380 685 2453 verba,
706 2388 766 2439 et
784 2379 1060 2459 symbola
1079 2379 1410 2458 cogitanda
1433 2388 1640 2448 erunt;
1667 2399 1927 2458 quorum

187 2471 468 2532 ultimum
511 2474 627 2534 erit
675 2474 911 2534 inutile.
998 2474 1139 2534 Jam
1167 2494 1313 2533 vero
1364 2475 1530 2554 quod
1570 2475 1649 2534 ad
1693 2474 1928 2553 perspi-

189 2565 475 2628 cuitatem
508 2569 749 2644 attinet,
783 2588 897 2647 ego
929 2589 1074 2628 sane
1113 2569 1179 2628 in
1224 2569 1499 2648 legendis
1551 2569 1928 2629 demonstra-

187 2661 454 2722 tionibus
508 2683 619 2742 per
677 2663 954 2742 symbola
1012 2663 1275 2742 scriptiS,
1324 2684 1507 2742 quam
1564 2684 1676 2742 per
1720 2664 1924 2738 verba,

188 2757 481 2835 majorem
505 2776 743 2836 semper
764 2759 966 2836 reperi
986 2758 1430 2818 difficultatem.
1461 2759 1574 2831 Tu,
1597 2759 1701 2838 qui
1714 2758 1928 2818 conica

190 2850 320 2928 ejus
371 2851 700 2930 symbolice
742 2852 972 2931 scripta
1018 2851 1242 2931 legisti,
1267 2853 1462 2932 magis
1505 2873 1577 2912 ea
1605 2853 1929 2931 perspicua

189 2964 319 3004 esse
342 2945 667 3020 existimas,
698 2967 882 3026 quam
906 2948 1123 3007 conica
1139 2946 1450 3026 Apollonii
1472 2949 1568 3007 vel
1591 2947 1883 3026 Midorgii
1906 2946 1925 3004 ?

277 3038 357 3097 B.
403 3040 534 3118 Ego
565 3042 628 3100 in
677 3042 956 3120 legendis
1010 3042 1237 3102 conicis
1280 3043 1561 3114 Wallisii,
1592 3062 1731 3102 cum
1775 3042 1927 3100 inci-

194 3133 403 3193 derem
459 3134 523 3192 in
580 3137 1068 3214 propositionem
1125 3137 1394 3216 aliquam
1464 3137 1926 3216 longiusculam,

195 3227 423 3305 partim
452 3227 673 3288 laboris
712 3230 1113 3309 impatientia,
1142 3233 1368 3310 partim
1414 3232 1582 3310 quod
1625 3252 1760 3291 eam
1799 3232 1927 3309 jam

177 3330 339 3379 ante
364 3321 611 3381 aliunde
648 3344 854 3384 veram
906 3346 1035 3385 esse
1080 3327 1318 3399 scirem,
1350 3347 1464 3385 nec
1518 3326 1594 3386 de
1635 3324 1925 3385 methodo

195 3415 324 3494 ejus
349 3414 712 3490 dubitarem,
744 3417 1289 3480 demonstrationis
1321 3421 1481 3480 viam
1503 3421 1759 3480 nimium
1780 3419 1924 3478 levi-

197 3518 294 3568 ter
323 3510 683 3570 examinavi.

281 3603 362 3663 A.
409 3604 488 3663 In·
531 3604 1151 3669 demonstrationibus
1185 3628 1313 3689 per
1365 3608 1660 3688 symbola,
1707 3625 1928 3686 opera-

359 3716 515 3760 VOL.
542 3718 635 3760 1v.
1715 3718 1761 3758 H
