2462 4120
689 308 991 366 c‘UBA'r‘Io
1028 323 1350 380 SPHAERAE,
1383 325 1531 367 ETc.
1862 306 1982 362 519

703 553 797 594 AD
831 553 1399 597 PROPOSITIONEM
1435 556 1511 597 ΙΙ.

319 660 391 719 In
419 660 482 732 ii,
503 667 572 718 ut
604 679 768 718 nunc
800 659 986 732 edita,
1007 660 1296 720 inventus
1328 671 1422 720 est
1448 662 1704 740 sphaerae
1735 659 1984 739 aequalis
2017 685 2086 718 AD
2113 685 2253 716 wop,
2275 684 2329 716 11.

236 756 463 814 cubus:
510 753 629 813 nisi
676 764 740 812 et
789 754 948 813 hanc
987 753 1398 814 confutaverit
1427 755 1762 814 Professor.
1850 754 1986 813 Tri-

235 849 557 928 umphabit
586 858 813 920 tamen,
843 848 1007 928 quod
1037 848 1150 906 nisi
1196 848 1297 907 ille
1343 849 1614 927 priorem
1656 849 1986 927 reprehen-

235 944 444 1016 disset,
475 964 512 1003 a
541 964 639 1003 me
673 944 958 1003 inventus
1002 963 1128 1002 non
1171 942 1404 1002 fuisset.
1491 944 1573 1002 Et
1603 945 1900 1022 profectO,
1934 944 1987 1003 si

233 1038 355 1112 ille,
375 1049 704 1118 postquam
730 1058 1001 1098 errorem
1031 1057 1237 1096 meum
1261 1037 1609 1110 detexisset,
1635 1039 1818 1098 etiam
1854 1059 1989 1099 cor-

234 1133 515 1204 rexisset,
545 1132 610 1192 id
641 1141 734 1192 est
765 1133 903 1192 cubi
935 1132 1014 1192 ad
1042 1132 1348 1211 sphaeram
1389 1132 1692 1192 rationem
1723 1133 1990 1192 invenis-

237 1238 352 1302 set,
403 1228 468 1287 in
513 1237 755 1306 partem
796 1227 1062 1306 aliquam
1100 1227 1283 1306 hujus
1329 1227 1526 1287 laudis
1557 1228 1766 1286 venire
1807 1238 1988 1306 potu-

234 1323 402 1382 isset.
479 1322 600 1382 Sed
629 1322 718 1381 illi
749 1321 1122 1400 impossibile
1153 1322 1273 1381 hoc
1297 1331 1448 1395 erat,
1473 1332 1803 1401 propterea
1827 1323 1992 1401 quod

236 1418 539 1477 rationem
591 1418 904 1476 inventam
948 1417 1162 1476 circuli
1214 1417 1293 1476 ad
1340 1417 1729 1495 quadratum,
1776 1428 1839 1477 et
1887 1418 1991 1478 de-

238 1521 665 1585 monstratam,
697 1512 1042 1590 intelligere
1072 1532 1197 1571 non
1227 1513 1448 1591 potuit.

322 1608 396 1667 In
428 1607 951 1667 demonstratione
992 1607 1278 1667 secundae
1316 1607 1752 1687 propositionis
1781 1607 1985 1686 priore

243 1703 544 1762 confiteor
578 1722 677 1761 me
721 1722 973 1761 errasse.
1064 1701 1187 1761 Sed
1227 1722 1498 1762 errorem
1544 1704 1758 1781 quem?
1849 1703 1992 1762 Non

242 1796 348 1875 qui
376 1817 413 1856 a
435 1796 670 1856 vitiosis
700 1797 1016 1875 principiis
1040 1806 1209 1855 ortus
1234 1807 1453 1857 caetera
1485 1797 1691 1857 omnia
1714 1818 1991 1858 corrum-

238 1900 434 1970 peret,
479 1891 637 1950 sicut
680 1891 818 1951 ille:
865 1911 979 1951 nec
1023 1892 1100 1951 ab
1146 1892 1496 1971 ignorantia
1538 1894 1991 1972 problematum

239 1985 857 2045 eminentissimorum
889 2006 1026 2064 quae
1064 1986 1486 2047 demonstrata
1517 1997 1660 2048 sunt
1682 1990 1812 2068 jam
1845 1989 1991 2048 olim

239 2081 316 2140 ab
347 2079 718 2139 Archimede
763 2080 1019 2159 aliisque
1049 2082 1386 2141 veteribus:
1434 2083 1543 2142 sed
1578 2083 1654 2142 ab
1694 2104 1786 2157 e0,
1827 2085 1993 2163 quod

241 2195 381 2235 cum
412 2174 685 2234 viderem
723 2186 1024 2254 quantum
1056 2177 1341 2255 quadrati
1383 2178 1601 2238 QRST
1641 2189 1774 2238 erat
1820 2189 1995 2239 extra

240 2269 537 2330 clrculum
563 2270 799 2342 BCDE,
824 2272 1214 2332 tantumdem
1241 2273 1454 2332 circuli
1480 2293 1612 2332 esse
1637 2284 1814 2333 extra
1845 2294 1994 2353 qua-

243 2363 510 2438 dratum,
543 2365 966 2444 contemplans
997 2367 1181 2445 plana
1210 2367 1274 2426 in
1307 2367 1572 2440 sublimi,
1598 2370 1995 2446 pronuntiavi

242 2447 512 2518 securius
552 2479 738 2538 quam
782 2461 1057 2539 oportuit
1096 2461 1260 2520 idem
1305 2461 1381 2521 de
1422 2463 1664 2541 sphaera
1708 2473 1770 2523 et
1815 2465 1992 2524 cub0.

242 2553 463 2630 Neque
493 2562 586 2613 est
616 2574 725 2614 cur
754 2555 1112 2616 erubescam
1143 2557 1425 2616 confiteri
1462 2576 1735 2617 errorem
1765 2579 1992 2631 meum,

245 2666 428 2726 quem
459 2649 696 2707 correxi
724 2649 873 2728 ipse.
963 2651 1164 2710 Facile
1196 2660 1330 2711 erat
1372 2671 1498 2710 non
1533 2651 1717 2712 modo
1749 2652 1993 2714 Profes-

245 2741 388 2815 sori,
420 2741 527 2801 sed
558 2742 742 2802 etiam
765 2744 1015 2805 cuilibet
1044 2745 1339 2805 mediocri
1368 2755 1702 2825 geometrae
1726 2749 1830 2827 qui
1860 2749 1993 2808 ani-

243 2856 414 2895 mum
460 2835 538 2895 ad
587 2836 966 2916 diagramma
1011 2842 1367 2920 applicaret,
1410 2862 1783 2920 cognoscere
1827 2844 1995 2923 quod

244 2930 496 3010 planum
526 2951 637 3010 per
666 2931 825 2992 latus
856 2934 956 2994 RS
984 2936 1271 3014 quadrati
1304 2936 1541 3008 QRST,
1559 2937 1625 2996 in
1654 2938 1758 3016 fig.
1790 2939 1812 2997 i
1843 2939 1993 2998 duc-

246 3033 400 3098 tum,
445 3025 751 3086 abscindit
793 3047 828 3086 a
874 3029 1114 3107 sphaera
1156 3050 1280 3090 non
1326 3031 1588 3091 solidum
1633 3034 1743 3092 sub
1784 3033 1902 3093 QR
1931 3043 1995 3093 et

245 3119 430 3199 plano
463 3119 614 3192 PCO,
647 3120 756 3180 sed
795 3123 1046 3201 sphaerae
1087 3135 1491 3204 segmentum.
1581 3127 1812 3185 Mirum
1844 3145 1992 3205 ergo

246 3235 373 3274 non
405 3225 519 3286 est,
550 3234 664 3273 nec
693 3215 875 3275 laude
906 3217 1111 3295 aliqua
1139 3220 1286 3279 artis
1315 3230 1422 3281 aut
1450 3221 1685 3299 ingenii
1716 3211 1991 3299 dignum,

246 3309 366 3370 hoc
395 3308 636 3368 vidisse.
725 3310 1061 3389 Diligentia
1090 3314 1217 3374 sola
1242 3335 1394 3394 opus
1426 3326 1578 3388 erat,
1606 3335 1742 3393 quae
1771 3315 1994 3375 invidis

249 3412 314 3464 et
362 3403 675 3463 malevolis
725 3423 1028 3483 nusquam
1076 3407 1266 3469 deest.
1353 3410 1570 3488 Neque
1622 3420 1830 3469 tamen
1879 3431 1993 3489 ego

249 3498 578 3577 indiligens
625 3498 873 3558 omnino
914 3520 1101 3562 eram.
1190 3504 1352 3564 Nam
1395 3505 1584 3564 libelli
1628 3506 1748 3563 mei
1793 3526 1992 3565 exem-

250 3592 446 3671 plaria
475 3611 671 3670 pauca
695 3592 824 3653 sine
849 3592 1235 3657 dedicatione
1264 3598 1329 3657 in
1358 3598 1671 3676 publicum
1695 3599 1888 3668 emisi,
1922 3610 1991 3658 ut
