2462 4120
639 420 1109 462 PROBLEMATA
1144 421 1466 463 PHYsmA.
1798 414 1915 467 355

176 564 396 643 ipsum,
427 562 532 642 qui
562 561 890 640 dissipatus
915 560 978 619 in
1002 570 1210 639 partes
1233 561 1690 635 minutissimas,
1710 564 1917 624 viden·
1984 590 2096 622 CAP.
2125 590 2212 622 vn.

177 667 300 730 tur,
330 667 583 736 propter
627 655 1036 736 splendorem,
1081 655 1376 733 majorem
1426 656 1648 715 molem
1694 658 1918 719 habere
1942 647 2225 742 „em

177 771 361 831 quam
390 770 598 810 revera
630 751 876 810 habent.
935 749 1016 808 Et
1046 749 1125 808 ad
1158 769 1505 809 mensuram
1535 771 1655 829 qua
1683 772 1921 831 semper
1940 751 2179 797 P⁰¹¹‘¹³⁶¹¹¹‘²fi›
2207 755 2274 786 ³¹⁰·

175 845 370 924 magis
421 844 812 924 dissipantur,
860 844 998 923 plus
1047 844 1204 903 aeris
1249 864 1359 922 per
1398 845 1665 923 pulveris
1711 862 1919 924 partes

175 939 496 1018 dissipatas
527 938 1004 1019 subingreditur.
1092 939 1296 998 Etiam
1324 959 1435 1018 per
1463 939 1740 999 foramen
1771 941 1921 1001 illud

174 1034 464 1112 exiguum
515 1034 680 1094 unde
729 1034 927 1114 pulvis
973 1033 1350 1107 accenditur,
1398 1034 1744 1112 ingreditur
1794 1055 1917 1094 aer.

177 1129 302 1191 Qui
332 1129 453 1189 duo
484 1140 687 1190 motus
731 1149 869 1189 cum
912 1129 1035 1189 sint
1074 1128 1138 1188 in
1185 1148 1325 1188 aere
1374 1128 1687 1200 contrarii,
1719 1138 1919 1188 motus

175 1242 250 1282 ex
279 1222 398 1284 illis
430 1224 804 1303 compositus
834 1224 1035 1283 minor
1065 1224 1183 1283 erit
1214 1244 1396 1302 quam
1437 1233 1508 1283 ut
1546 1232 1920 1283 tormentum

174 1317 409 1397 possint
439 1320 753 1398 repellere.

261 1412 341 1472 A.
387 1413 613 1473 Audivi
636 1425 977 1474 asserentes
1002 1414 1361 1492 sclopetum,
1381 1412 1576 1492 magis
1601 1413 1697 1471 vel
1721 1412 1920 1472 minus

168 1505 338 1583 justo
370 1518 708 1581 oneratum,
733 1508 920 1587 pilam
951 1526 1191 1586 semper
1220 1507 1309 1566 ita
1332 1506 1551 1584 ejicere
1578 1515 1644 1564 ut
1676 1505 1915 1585 signum

173 1619 484 1680 nunquam
515 1602 715 1675 feriat,
747 1602 856 1663 sed
877 1622 1116 1681 semper
1139 1623 1175 1661 a
1197 1601 1357 1680 signi
1387 1601 1578 1661 latere
1598 1601 1916 1660 aberrare:

174 1694 284 1754 sed
335 1706 657 1756 oneratum
710 1706 879 1756 certa
926 1696 1190 1775 quadam
1235 1696 1504 1774 pulveris
1553 1695 1915 1773 quantitate,

173 1809 484 1870 nunquam
516 1811 737 1851 errare.

255 1885 338 1944 B.
387 1886 710 1947 Quomodo
758 1886 821 1944 id
868 1886 956 1945 ita
1001 1904 1132 1945 esse
1183 1886 1396 1964 possit,
1446 1905 1568 1945 non
1618 1885 1914 1963 intelligO.

174 1978 438 2040 Quando
486 1981 648 2040 enim
695 2001 832 2060 quae
878 1980 941 2038 in
991 1999 1175 2039 causa
1221 1990 1364 2039 sunt
1411 1979 1617 2038 omnia
1661 1980 1919 2059 aequalia

170 2083 332 2146 sunt,
363 2075 616 2135 effectus
655 2075 985 2154 inaequales
1016 2094 1146 2134 esse
1186 2094 1311 2134 non
1351 2082 1630 2154 possunt.
1721 2075 1917 2134 Simul

167 2174 352 2246 atque
381 2168 579 2248 pulvis
618 2169 897 2248 ignescit,
931 2178 994 2228 et
1034 2177 1362 2246 antequam
1404 2168 1529 2247 pila
1573 2169 1769 2246 ejecta
1815 2169 1913 2241 sit,

167 2261 474 2341 sclopetus
504 2282 819 2323 recurrere
849 2262 1082 2341 incipit.
1173 2261 1372 2321 Causa
1402 2282 1548 2341 ergo
1575 2282 1705 2322 esse
1730 2262 1915 2322 debet

166 2355 231 2415 in
260 2377 447 2418 manu
488 2358 650 2417 illius
680 2358 784 2438 qui
826 2357 1167 2435 sclopetum
1210 2366 1399 2429 tenet,
1429 2355 1527 2416 vel
1562 2356 1641 2432 (si
1675 2357 1752 2416 sit
1784 2367 1913 2417 tor-

166 2461 438 2512 mentum
467 2453 781 2530 bellicum)
818 2453 882 2512 in
920 2462 1087 2512 terra
1126 2452 1226 2511 cui
1266 2452 1496 2511 insistit
1534 2462 1787 2531 propter
1823 2452 1910 2511 in-

167 2544 560 2607 clinationem
598 2548 697 2607 vel
736 2547 1108 2608 scabritiem.
1199 2547 1460 2607 Causam
1501 2547 1682 2606 aliam
1729 2547 1909 2625 hujus

166 2652 419 2700 eventus
454 2643 774 2721 imaginari
804 2663 929 2702 non
959 2662 1230 2722 possum.

248 2733 329 2793 A.
378 2735 556 2795 Unde
586 2737 779 2796 oritur
807 2737 1095 2796 refractio
1119 2737 1138 2796 Ρ

250 2827 333 2887 B.
381 2828 646 2890 Quando
677 2831 838 2890 actio
867 2831 939 2890 fit
968 2831 1033 2890 in
1062 2839 1232 2890 recta
1261 2830 1341 2889 ad
1372 2830 1756 2908 superficiem
1780 2850 1907 2888 cor-

163 2921 330 3000 poris
367 2924 564 3001 pressi
602 2924 701 2983 vel
743 2926 1016 3004 percussi
1066 2924 1581 3004 perpendiculari,
1622 2923 1907 2982 refractio

163 3015 412 3074 omnino
433 3016 600 3076 nulla
622 3017 754 3076 erit.
800 3019 1248 3098 Propagabitur
1279 3018 1443 3077 enim
1475 3018 1634 3077 actio
1665 3018 1728 3076 in
1748 3018 1909 3077 linea

160 3109 670 3187 perpendiculari.
691 3111 919 3172 Verum
939 3114 990 3172 si
1007 3114 1243 3192 pressio
1253 3114 1351 3172 vel
1370 3112 1683 3192 percussio
1705 3112 1782 3171 sit
1802 3112 1907 3170 ob-

159 3201 345 3280 liqua,
364 3202 734 3282 refringetur
756 3206 917 3266 actio
941 3207 1005 3266 in
1035 3227 1170 3266 eam
1198 3216 1439 3286 partem
1465 3227 1647 3286 quam
1678 3215 1903 3264 natura

161 3297 455 3376 corporiS,
484 3317 595 3376 per
625 3299 791 3376 quod
827 3301 988 3360 actio
1018 3310 1413 3380 propagatur,
1446 3298 1900 3360 determinabit.

242 3400 325 3462 A.
373 3401 698 3462 Quomodo
729 3402 1084 3482 refringitur
1113 3405 1364 3464 lumen?

246 3493 320 3551 B.
369 3495 434 3554 Si
462 3495 622 3555 actio
653 3497 946 3574 procedat
980 3519 1089 3577 per
1133 3520 1355 3578 corpus
1387 3498 1552 3576 quod
1588 3497 1806 3566 minuS‚
1837 3495 1900 3552 in

159 3608 379 3666 corpus
410 3588 573 3666 quod
603 3590 797 3667 magis
827 3591 1075 3664 resistit,
1108 3604 1172 3651 et
1201 3593 1279 3651 ad
1315 3601 1615 3671 punctum
1656 3589 1899 3666 superfi-

158 3683 271 3742 ciei
303 3683 364 3741 in
387 3702 568 3760 quam
599 3684 818 3743 incidit
850 3694 1076 3744 rectam
1100 3686 1285 3745 ducas
1310 3683 1899 3764 perpendicularem,

1570 3799 1605 3835 A
1634 3796 1675 3835 A
1710 3799 1731 3832 :2
