2462 4120
856 372 1412 416 GEOMETRARUM.
1880 361 2002 414 443

932 636 1106 696 CAP.
1152 636 1328 695 XIX.

309 779 717 823 PROPOSITIO
754 780 1025 822 DECIMA
1059 780 1283 822 SEXTA
1316 780 1682 823 ELEMENTI
1709 782 1943 824 TERTII

918 874 1361 917 EXAMINATA.

268 985 438 1046 QUAE
471 982 551 1043 ab
582 983 979 1044 extremitate
1018 982 1306 1044 diametri
1356 983 1652 1063 cujusque
1681 983 1898 1042 circuli
1926 983 2015 1043 ad
2062 1004 2174 1038 cAP.
2201 1006 2309 1038 x1x.

265 1077 531 1160 angulos
561 1086 768 1138 rectos
798 1079 1062 1153 ducitur,
1093 1086 1275 1138 extra
1327 1078 1527 1158 ipsum
1574 1077 1869 1137 circulum
1908 1099 2009 1137 ca-
2030 1111 2230 1157 Proposffio

265 1174 412 1234 det:
456 1181 518 1233 et
560 1173 624 1233 in
678 1173 871 1234 locum
930 1175 1095 1234 inter
1137 1174 1340 1254 ipsam
1391 1181 1629 1232 rectam
1681 1172 1903 1232 lineam
1950 1182 2011 1232 et
2032 1166 2293 1262 {5232}sz

255 1268 691 1350 peripheriam
723 1270 1239 1350 comprehensum,
1265 1268 1476 1328 altera
1493 1276 1675 1328 recta
1706 1267 1870 1327 linea
1897 1289 2013 1327 non

269 1363 492 1423 cadet:
535 1371 597 1422 et
641 1363 1020 1424 semicirculi
1057 1364 1300 1444 quidem
1338 1363 1609 1444 angulus
1659 1363 1870 1443 quovis
1910 1385 2013 1422 an-

265 1458 419 1539 gulo
464 1467 648 1518 acuto
690 1459 1015 1520 rectilineo
1057 1461 1260 1538 major
1301 1466 1435 1527 est;
1478 1458 1754 1540 reliquus
1813 1467 2017 1518 autem

270 1572 484 1612 minor.

357 1647 434 1706 In
465 1647 697 1707 circulo
726 1649 909 1724 ABG,
962 1652 1135 1729 cujus
1179 1682 1203 1710 ιτ
1590 1681 1616 1708 A
1993 1678 2017 1705 E

1218 1725 1361 1730 ⁴--—.—.
1367 1723 1584 1731 ————-.==

274 1751 544 1803 centrum
573 1744 649 1816 D,
698 1744 1002 1805 diameter
1050 1745 1134 1804 sit
1464 1728 1561 1754 f

274 1837 401 1910 AC,
432 1837 524 1896 ad
539 1859 722 1918 quam
745 1860 824 1899 ex
846 1841 921 1914 A,
946 1862 1137 1921 punc-
1307 1755 1458 1940 f

276 1941 340 1993 to
388 1941 679 2007 extremo,
709 1936 1138 2015 perpendicu-

276 2027 437 2087 laris
461 2028 750 2089 ducatur.
796 2031 961 2090 Dico
980 2031 1139 2092 hanc

276 2120 503 2183 lineam
548 2125 1142 2204 perpendicularem

274 2218 627 2277 necessario
647 2228 834 2279 extra
854 2220 1144 2282 circulum

277 2312 521 2372 cadere.
577 2312 649 2372 Si
672 2315 829 2374 enim
853 2318 1034 2402 cadet
1055 2321 1144 2381 in·
1580 2331 1602 2355 ⁰

280 2415 384 2467 tra
433 2408 651 2489 ipsum,
691 2410 898 2491 qualis
949 2425 1046 2475 est
1075 2418 1184 2477 AB
1206 2443 1228 2479 .·
1277 2419 1466 2478 ducta
1494 2417 1626 2489 DB,
1674 2422 1855 2475 erunt
1905 2413 2024 2473 duo

281 2502 500 2582 anguli
529 2503 718 2578 DAB,
750 2506 919 2568 DBA
951 2513 1224 2591 oequales
1244 2536 1269 2583 ,·
1317 2512 1434 2572 sed
1478 2512 1647 2571 DAB
1687 2518 1895 2569 rectus
1933 2519 2027 2570 est

270 2616 399 2676 per
448 2602 958 2664 constructionem
981 2629 1003 2666 .·
1049 2607 1253 2689 igitur
1298 2617 1361 2668 et
1408 2608 1578 2668 DBA
1623 2614 1830 2666 rectus
1878 2605 2021 2679 erit,

286 2691 449 2769 quod
473 2692 943 2759 est-absurdum.
1006 2700 1147 2762 Duo
1174 2704 1331 2764 enim
1361 2702 1581 2783 anguli
1611 2701 1675 2761 in
1700 2699 2026 2781 triangulo

287 2784 549 2844 minores
605 2798 746 2848 sunt
798 2791 1031 2854 duobus
1075 2798 1287 2858 rectis,
1392 2797 1535 2857 Non
1594 2796 1795 2877 igitur
1847 2794 2030 2854 cadet

275 2881 830 2959 perpendicularis
860 2887 1029 2950 intra
1060 2892 1356 2953 circulum
1377 2916 1400 2962 ,·
1441 2913 1638 2972 neque
1670 2891 1923 2951 eandem
1954 2887 2030 2948 ob

290 2993 536 3034 causam
557 2975 619 3036 in
643 2977 840 3057 ipsam
859 2982 1438 3065 circunfferentiam‚
1465 2987 1583 3046 sed
1600 2995 1804 3059 extra,
1830 2983 2032 3064 qualis

291 3076 387 3127 est
437 3070 556 3131 EF.
643 3070 804 3132 Dico
838 3077 979 3153 jam
1031 3101 1110 3139 ea·
1154 3083 1229 3156 A,
1277 3083 1438 3142 inter
1479 3083 1607 3154 ΑΕ,
1661 3089 1917 3151 rectam,
1971 3085 2034 3136 et

293 3163 848 3243 circumferentiam
897 3172 1027 3247 ΑΒ,
1079 3196 1194 3236 non
1242 3198 1440 3258 posse
1486 3177 1717 3237 cadere
1766 3174 2033 3234 alteram

294 3266 547 3318 rectam.

381 3353 536 3411 Haec
594 3363 686 3414 est
744 3354 1282 3424 demonstrationis
1335 3365 1607 3424 Euclidis
1671 3363 2031 3440 (interprete

297 3445 534 3524 Clavio)
597 3468 739 3526 pars
797 3450 1035 3529 prima:
1100 3476 1283 3534 quam
1344 3458 1481 3518 dico
1538 3457 1821 3517 vitiosam
1878 3472 2029 3511 esse.

297 3540 518 3612 Prim0‚
550 3542 714 3620 quod
743 3554 1039 3622 punctum
1069 3549 1125 3607 A
1156 3550 1305 3610 dicit
1335 3572 1465 3612 esse
1494 3571 1693 3631 neque
1722 3550 1886 3608 intra
1915 3547 2033 3605 cir-

298 3634 502 3694 culum
553 3655 749 3714 neque
797 3637 858 3697 in
910 3639 1398 3705 circumferentia
1439 3647 1587 3723 ejus,
1676 3643 1830 3702 Cum
1871 3641 2034 3699 enim

1591 1734 1595 1818 1
1839 1775 1871 1803 11

1591 1824 1597 1926 Ι
1874 1865 1898 1890 Β

1541 2004 1567 2032 D
