2462 4120
797 370 904 411 :DE
938 370 1222 414 NATURA
1254 373 1480 416 AEms,
1884 369 2005 424 283

266 509 438 569 ‘enim
468 507 604 580 fuit,
628 507 792 586 quod
823 509 874 568 si
903 510 989 569 ita
1019 520 1198 583 esset,
1221 521 1454 571 vestem
1485 534 1725 576 omnem
1754 520 2009 598 pilosam

276 613 557 683 oportere
589 621 718 661 esse
748 603 1008 682 nigram.
1095 605 1175 664 Et
1204 604 1368 664 visus
1399 615 1492 666 est
1529 609 1801 687 plurimis
1840 624 2008 677 recte

274 696 675 776 respondisse.

359 791 439 851 A.
487 791 673 864 Quid,
704 790 937 870 pilosne
986 792 1121 852 illos
1167 802 1537 872 putaverunt
1582 817 1710 857 esse
1757 821 2011 880 corpora

274 886 427 946 adeo
481 886 719 965 exigua,
770 895 839 946 ut
883 887 1077 946 videri
1123 908 1247 947 non
1293 890 1585 967 possent?
1692 893 2010 972 Conjicere

273 981 417 1040 hinc
470 981 615 1041 licet
666 1001 850 1060 quam
894 991 1035 1042 sunt
1077 982 1167 1041 illi
1207 984 1354 1043 boni
1401 985 1903 1048 ratiocinatores:
1950 1001 2012 1052 et

274 1097 412 1155 quae
451 1076 530 1136 sit
568 1077 644 1136 ab
684 1076 803 1137 illis
847 1077 1228 1156 expectanda
1274 1079 1658 1159 philosophia
1699 1085 2008 1145 naturalis.

273 1171 556 1231 Fortasse
607 1171 944 1250 nigredinis
986 1193 1230 1232 causam
1274 1173 1440 1232 illam
1481 1194 1592 1253 pro
1623 1195 1766 1235 vera
1795 1177 2012 1239 admit-

273 1275 402 1326 tere
431 1287 557 1326 non
580 1267 847 1340 voluere,
870 1267 1012 1345 quia
1042 1268 1256 1327 eadem
1284 1268 1348 1327 in
1379 1269 1535 1329 libro
1559 1288 1647 1329 DE
1671 1288 2010 1347 CORPORE,

275 1383 407 1442 cap.
438 1362 624 1435 xxvii,
655 1371 770 1421 art.
805 1362 1041 1435 ultimo,
1074 1363 1148 1422 ab
1182 1363 1428 1422 Hobbio
1469 1364 1665 1442 primo
1709 1365 2014 1444 assignata

274 1467 384 1517 est.
473 1456 674 1517 Quam
706 1468 912 1517 autem
961 1457 1218 1517 duritiei
1260 1478 1505 1518 causam
1536 1460 1908 1538 assignatam
1937 1462 2012 1522 ab

272 1552 390 1612 illis
421 1551 667 1611 audiisti
692 1552 712 1611 ?

359 1646 441 1706 Β.
485 1647 580 1706 Ab
605 1646 905 1725 aliquibus
930 1656 1055 1707 tres
1080 1671 1093 1707 :
1125 1648 1402 1727 primam,
1425 1648 1691 1728 partium
1710 1651 2015 1729 magnitu-

275 1739 514 1800 dinem:
559 1741 908 1814 secundam‚
931 1743 1096 1820 quod
1125 1744 1392 1822 partium
1424 1745 1772 1823 superficies
1803 1754 2013 1806 mutuo

274 1855 338 1895 se
388 1844 684 1915 tangant:
729 1837 997 1909 tertiam,
1048 1839 1316 1916 partium
1366 1839 1716 1898 intricatam
1762 1841 2013 1919 positio-

272 1950 433 1989 nem.
522 1930 799 1990 Quarum
846 1931 1069 1990 sufficit
1122 1932 1202 1991 ad
1252 1953 1577 2012 corporum
1629 1935 2013 2012 quorundam

271 2023 720 2083 indurationem
748 2025 1183 2103 unaquaelibet.

357 2118 436 2178 A.
488 2119 655 2180 Quin
714 2119 1075 2197 corpuscula
1137 2120 1367 2198 (qualia
1426 2131 1567 2181 sunt
1625 2122 1812 2181 atomi
1865 2143 2013 2200 quas

274 2213 560 2292 supponit
590 2214 932 2286 LucretiuS,
954 2223 1137 2293 atque
1162 2215 1347 2274 etiam
1373 2217 1679 2293 Hobbius)
1709 2218 1838 2293 jam
1867 2226 2012 2277 ante

273 2309 445 2382 dura,
475 2309 652 2369 facile
697 2310 932 2388 possint
976 2311 1051 2369 ab
1093 2310 1299 2388 aliqua
1347 2311 1648 2370 dictarum
1695 2331 2013 2371 causarum

261 2405 598 2484 ⁴compingi,
628 2405 718 2464 ita
747 2414 817 2465 ut
850 2414 1049 2465 totum
1090 2425 1164 2465 ex
1204 2406 1322 2465 illis
1367 2406 1599 2466 factum
1632 2407 1854 2465 durum
1884 2407 2009 2479 fiat,

274 2499 677 2559 dubitandum
696 2519 819 2558 11011
840 2508 950 2559 est.
1015 2499 1137 2559 Sed
1160 2500 1263 2578 qui
1286 2499 1543 2560 duritiei
1562 2521 1802 2560 causam
1825 2501 2010 2579 assig-

272 2614 419 2654 nare
441 2594 670 2666 volunt,
694 2594 919 2653 debent
947 2594 1035 2653 illi
1068 2615 1312 2654 causam
1336 2595 1606 2654 indicare
1630 2594 1771 2654 duri
1788 2594 2006 2676 primi.

358 2688 436 2747 B.
483 2688 578 2748 Ita
623 2688 884 2747 videtur.
976 2688 1244 2749 Quidam
1295 2689 1458 2748 enim
1502 2709 1535 2748 e
1579 2689 1823 2759 nostriS,
1871 2709 2008 2748 cum

271 2782 637 2861 redarguere
681 2783 817 2842 illos
860 2782 1090 2842 vellent
1137 2784 1242 2862 qui
1290 2784 1558 2863 partium
1603 2784 2008 2843 cohaesionem

271 2877 491 2955 glutini
549 2877 791 2937 cuidam
859 2878 1231 2952 tribuebant,
1290 2879 1823 2957 interrogaverunt
1883 2896 2005 2950 eOS,

278 2972 367 3049 (et
415 2980 580 3032 recte
631 2972 877 3051 quidem
919 2983 990 3032 ut
1031 2973 1210 3032 nobis
1254 2973 1452 3033 visum
1511 2974 1652 3051 est),
1701 2973 2005 3052 quodnam
2083 3034 2086 3039 ,

257 3078 432 3127 ⁴esset
459 3067 710 3146 glutinis
740 3067 901 3126 illius
932 3067 1097 3126 aliud
1125 3068 1356 3146 gluten.

355 3161 436 3220 A.
481 3161 713 3221 Eodem
752 3162 889 3239 jure
932 3170 1113 3221 utens
1158 3162 1321 3221 circa
1348 3162 1608 3240 primam
1638 3170 1700 3220 et
1729 3160 2004 3220 ultimam

272 3255 574 3315 dictarum
625 3275 964 3326 causarum,
995 3256 1274 3316 similiter
1317 3276 1523 3335 quaero
1572 3276 1706 3334 eg0,
1737 3254 1882 3333 quid
1923 3253 2002 3312 sit

270 3349 334 3408 in
363 3350 677 3429 particulis
709 3350 875 3408 duris
905 3350 1093 3409 totius
1124 3350 1261 3410 duri
1293 3350 1457 3428 quod
1488 3351 1670 3409 efficit
1697 3349 1996 3407 duritiem.

271 3444 433 3503 Nam
479 3454 926 3524 argumentum,
970 3465 1090 3523 quo
1133 3465 1240 3505 vos
1279 3445 1375 3504 usi
1420 3445 1564 3504 estis
1615 3453 1828 3503 contra
1865 3441 1997 3499 illos

273 3540 375 3617 qui
407 3549 858 3618 supposuerunt
886 3539 1099 3618 gluten
1129 3540 1299 3614 illud,
1332 3560 1501 3618 aeque
1542 3539 1761 3598 militat
1791 3543 2000 3596 contra

272 3654 379 3694 vos
409 3654 590 3713 1pso8.
