2462 4120
814 353 902 394 DE
938 352 1222 395 NATURA
1255 352 1480 393 AERIS·
1891 340 2003 404 271

271 492 635 554 tantundem
682 491 832 551 facit
876 490 979 550 bA
1023 499 1084 550 et
1128 491 1227 548 cA
1275 510 1662 568 convergere‚
1717 502 2012 570 quantum

270 588 510 668 pondus
538 586 603 645 in
633 584 711 644 bc
740 585 890 644 facit
928 584 1174 643 easdem
1215 583 1551 662 divergere.
1641 586 1780 645 Non
1806 598 2013 665 potest

273 701 419 760 ergo
448 701 590 760 pars
623 680 699 739 bc
737 679 1013 759 (propter
1061 677 1573 756 magnitudinem)
1625 683 2011 757 quantumvis

270 776 474 855 gravis
517 775 617 849 sit,
663 774 1073 843 descendere3
1119 793 1317 852 neque
1371 793 1517 851 ergo
1569 794 1844 851 premere
1888 776 2012 835 sive

268 871 596 950 gravitare.
684 868 870 930 Quod
901 877 1031 928 erat
1061 866 1622 927 demonstrandum.

354 965 435 1024 B.
485 963 671 1025 Quod
700 964 896 1023 solum
927 963 991 1022 in
1019 961 1355 1022 Academia
1382 970 1595 1021 nostra
1626 961 1705 1020 ad
1746 963 2014 1040 philoso-

269 1059 479 1139 phiam
539 1057 822 1118 didicisse
880 1078 978 1116 me
1037 1056 1501 1129 somniaveram‚
1555 1056 1672 1114 hoc
1740 1065 1810 1114 tu
1865 1057 2017 1116 mihi

269 1162 490 1226 totum,
524 1153 1048 1213 demonstratione
1079 1161 1188 1210 tua
1227 1149 1680 1229 expergefactO,
1713 1149 2014 1211 ademisti.

357 1248 439 1308 A.
486 1248 764 1327 Utraque
805 1247 966 1307 enim
1006 1247 1110 1306 illa
1155 1246 1479 1325 phantasia
1523 1254 1656 1304 tum
1701 1246 2018 1323 gravitatis

271 1344 719 1423 atmosphaerae,
747 1352 878 1402 tum
910 1343 1001 1402 vis
1033 1342 1302 1401 elasticae
1338 1342 1464 1401 sive
1495 1339 1817 1418 antitupiae
1841 1340 2016 1414 aeriS,

273 1440 575 1499 somnium
608 1448 758 1498 erat.
848 1437 1161 1516 Siquidem
1192 1445 1399 1496 autem
1429 1436 1547 1495 illis
1579 1435 2020 1495 concederetur

273 1554 403 1594 esse
434 1534 698 1612 aliquam
729 1533 792 1591 in
821 1532 1063 1591 filiculis
1088 1532 1245 1591 aeris
1276 1530 1663 1610 antitupiam,
1688 1541 2019 1609 quaereret-

274 1649 393 1708 que
413 1629 630 1708 aliquis
649 1627 813 1687 unde
833 1627 956 1700 illa,
969 1636 1221 1687 curvata
1239 1626 1484 1706 quidem
1504 1625 1612 1685 sed
1623 1626 2018 1704 quiescentia,

273 1731 667 1783 moverentur
710 1742 917 1781 rursus
948 1721 1026 1780 ad
1066 1717 1541 1781 rectitudinem:
1590 1720 1884 1779 deberent
1912 1719 2020 1792 illi,

273 1818 325 1877 si
352 1817 589 1897 physici
616 1817 831 1876 haberi
853 1816 1087 1889 volunt,
1121 1835 1368 1875 causam
1398 1817 1527 1895 ejus
1567 1814 1833 1893 aliquam
1878 1834 2023 1893 pos-

273 1912 510 1972 sibilem
541 1912 871 1991 assignare.
960 1911 1207 1989 Alioqui
1237 1910 1402 1969 idem
1445 1909 1675 1969 facient
1716 1908 1882 1987 quod
1911 1909 2019 1982 illi,

272 2007 376 2086 qui
414 2006 494 2066 ad
539 2005 922 2085 questionem
961 2013 1206 2084 quotam
1249 2005 1456 2064 sonuit
1495 2004 1867 2083 respondere
1908 2024 2016 2062 au-

273 2100 442 2173 dent3
502 2121 854 2180 quanquam
911 2099 1178 2178 primum
1237 2099 1430 2157 ictum
1488 2118 1612 2158 non
1672 2098 2019 2158 audierunt.

273 2195 596 2268 Praeterea,
629 2196 679 2255 si
708 2194 996 2274 possibile
1023 2214 1152 2253 esse
1184 2214 1493 2272 negarem,
1517 2202 1586 2253 ut
1617 2192 1936 2272 diligentia
1959 2203 2022 2252 et

273 2299 406 2350 arte
450 2291 719 2350 humana
759 2289 894 2348 duae
940 2289 1291 2368 superficies
1350 2308 1679 2367 corporum
1727 2288 2018 2347 durorum

273 2386 433 2445 inter
483 2405 545 2445 se
597 2405 708 2465 per
752 2384 958 2444 omnia
986 2393 1217 2463 puncta
1261 2384 1350 2444 ita
1396 2394 1681 2443 accurate
1731 2403 2020 2462 congruae

273 2481 426 2540 fiant
474 2490 543 2540 ut
594 2500 672 2539 ne
729 2480 982 2556 minimo
1041 2480 1289 2559 quidem
1347 2480 1709 2559 corpusculo
1769 2478 2019 2538 creabili

273 2575 564 2635 transitus
592 2575 1008 2653 permittatur,
1040 2595 1166 2634 non
1199 2574 1374 2635 video
1418 2574 1726 2653 quomodo
1778 2574 1866 2633 illi
1914 2581 2019 2633 aut

274 2690 446 2730 suam
491 2669 881 2748 hypothesim
932 2669 1110 2742 tueri,
1159 2680 1268 2728 aut
1304 2670 1695 2748 negationem
1744 2677 2019 2729 nostram

274 2764 684 2843 improbitatis
715 2784 992 2843 arguere,
1016 2765 1155 2842 jure
1184 2775 1453 2843 possent.

359 2859 442 2918 B.
487 2858 988 2937 Experimentum
1017 2860 1197 2919 tibia
1237 2859 1520 2918 machina
1569 2868 1780 2918 nostra
1818 2859 2018 2918 adhuc

275 2973 485 3024 unum,
528 2944 680 3030 ¹(sed
737 2954 1008 3013 omnium
1054 2954 1625 3031 mirabilissimum),
1677 2974 1791 3012 nec
1842 2953 2020 3032 plura

276 3047 555 3106 referam.
645 3048 966 3108 Suctorem
998 3049 1102 3128 qui
1129 3069 1324 3129 usque
1366 3049 1445 3109 ad
1476 3048 1738 3128 cylindri
1773 3047 2019 3107 summi-

276 3151 469 3202 tatem
497 3143 767 3202 intrusus
795 3143 1015 3217 fuerat,
1045 3155 1369 3223 postquam
1402 3145 1600 3203 omnis
1645 3145 1772 3203 aeri
1818 3142 2017 3202 aditus

278 3237 557 3296 occlusus
616 3246 793 3309 esset,
845 3237 906 3296 vi
957 3258 1252 3298 manuum
1303 3240 1383 3298 ad
1431 3239 1622 3297 imum
1680 3246 2016 3297 retractum

277 3330 579 3390 vidimus:
624 3330 712 3390 ita
741 3340 811 3390 ut
842 3332 1104 3409 spatium
1145 3334 1207 3393 in
1238 3334 1514 3413 cylindro
1563 3353 1824 3392 vacuum
1870 3329 2015 3389 satis

278 3445 570 3503 magnum
599 3434 778 3484 esset.
869 3426 1115 3487 Suetori
1146 3428 1365 3488 deinde
1394 3428 1635 3508 pondus
1666 3428 1802 3506 plus
1833 3444 2015 3503 quam

279 3528 527 3578 centum
554 3519 849 3579 librarum
891 3541 1224 3600 appensum
1273 3524 1408 3583 fuit.
1495 3523 1772 3581 Vidimus
1820 3527 2017 3579 sucto-

279 3633 428 3688 rem,
455 3613 735 3674 simulac
780 3614 1124 3676 libertatem
1171 3627 1388 3678 nactus
1432 3625 1611 3691 esset,
1643 3635 1752 3675 sua
1800 3622 2015 3693 sponte
