2462 4120
717 413 1193 456 PRoBLEMATA
1226 415 1553 458 PHYSICA.
1885 408 2006 460 313

979 737 1154 797 CAP.
1203 737 1283 796 ΙΙ.

491 902 960 944 PROBLEMATA
993 903 1085 944 DE
1119 901 1422 943 AESTIBUS
1457 901 1767 943 MARINIS.

337 1018 414 1079 A.
463 1021 634 1081 QUAE
662 1040 847 1080 causa
879 1030 972 1080 est
1003 1019 1170 1099 quod
1200 1019 1278 1079 ad
1301 1019 1466 1078 idem
1496 1018 1669 1077 littus
1701 1019 1928 1092 affluat,
1949 1030 2010 1080 et

256 1115 400 1174 inde
432 1134 643 1173 rursus
668 1116 909 1188 refluat,
942 1134 1208 1174 oceanus
1238 1113 1333 1172 bis
1362 1113 1427 1171 in
1460 1112 1560 1171 die
1590 1113 1896 1171 naturali?

339 1210 422 1268 B.
470 1209 881 1268 Redeundum
929 1218 1022 1268 est
1069 1208 1149 1268 ad
1188 1208 1466 1287 pelvem3
1527 1207 1590 1265 in
1640 1226 1761 1285 qua
1804 1206 2013 1266 vidisti

251 1303 458 1375 mod0,
485 1313 555 1362 ut
587 1323 697 1381 per
726 1304 924 1362 latera
955 1305 1106 1382 ejus,
1139 1323 1280 1362 cum
1310 1310 1685 1373 moveretur,
1711 1321 1871 1379 aqua
1900 1303 2014 1360 cir-

253 1397 532 1456 cumibat
564 1397 744 1456 simul
775 1407 839 1456 et
890 1397 1282 1457 ascendebat.
1375 1397 1601 1475 Cogita
1647 1416 1812 1455 nunc
1864 1396 2013 1474 quid

254 1492 547 1565 eveniret,
598 1492 648 1551 si
697 1513 734 1550 a
778 1492 965 1551 labris
1022 1491 1275 1551 summis
1334 1490 1529 1570 pelvis
1588 1510 1700 1569 per
1750 1490 2010 1549 fundum

251 1586 554 1645 transiens
578 1586 792 1645 affixus
824 1596 986 1645 esset
1016 1587 1194 1659 obex,
1228 1586 1335 1664 qui
1365 1585 1804 1645 circumeuntis
1834 1605 2012 1663 aquae

253 1699 501 1738 cursum
523 1680 872 1759 impediret.
962 1680 1188 1739 Nonne
1220 1700 1378 1759 aqua
1408 1700 1550 1739 cum
1580 1680 1646 1738 in
1675 1679 1848 1737 illum
1880 1679 2011 1737 obi-

252 1793 386 1832 cem
417 1774 806 1852 impingeret,
838 1775 1252 1833 reverteretur
1289 1772 1612 1833 subsidens
1655 1772 1962 1851 gradatim
1988 1771 2008 1830 ?

252 1867 475 1926 Nonne
506 1877 567 1926 et
590 1867 756 1926 idem
787 1868 1179 1947 contingeret
1211 1869 1398 1926 etiam
1439 1867 1519 1926 ad
1566 1866 1823 1926 alteram
1870 1886 2012 1944 par-

250 1970 377 2021 tem
408 1961 619 2032 obiciS,
645 1981 996 2040 quanquam
1023 1982 1149 2021 non
1180 1961 1399 2020 eodem
1421 1970 1701 2039 tempore
1729 1959 1748 2018 ?
1825 1959 2008 2020 Quod

251 2075 392 2114 cum
422 2055 550 2127 fiat,
582 2055 996 2114 necessarium
1028 2062 1139 2126 est,
1169 2065 1240 2114 ut
1282 2056 1347 2114 in
1389 2055 1558 2114 omni
1599 2063 1802 2113 motus
1834 2074 2010 2133 aquae

248 2148 505 2228 periodo
536 2168 696 2226 aqua
726 2148 1001 2208 elevetur
1027 2158 1089 2208 et
1120 2148 1398 2208 subsidat
1422 2148 1502 2208 ad
1532 2148 1697 2207 idem
1729 2147 1912 2206 latus.

336 2243 416 2302 A.
467 2242 590 2303 Sed
631 2263 811 2321 quem
859 2243 923 2301 in
971 2263 1202 2302 oceano
1247 2243 1487 2302 obicem
1527 2242 1698 2301 vides
1748 2241 2010 2300 similem

249 2336 338 2395 illi
367 2357 549 2415 quem
580 2337 645 2395 in
674 2337 849 2415 pelve
874 2337 1091 2396 statuis
1118 2337 1137 2396 ?

338 2431 420 2491 B.
467 2430 668 2490 Situm
700 2431 916 2490 oceani
947 2431 1158 2510 magni
1188 2431 1351 2490 nosti
1381 2451 1456 2490 ex
1496 2431 1720 2490 tabulis
1751 2449 2011 2509 geogra-

251 2524 466 2604 phicis,
496 2534 566 2584 ut
594 2525 757 2584 inter
783 2525 1084 2584 orientem
1107 2535 1169 2584 et
1201 2525 1588 2584 occidentem
1609 2524 2007 2584 extendatur:

251 2619 475 2696 prim0,
523 2620 598 2678 ab
647 2619 826 2678 India
866 2619 946 2678 ad
983 2629 1226 2697 partem
1281 2619 1618 2678 australem
1666 2619 2006 2686 Americae;

256 2712 498 2785 deinde,
530 2733 605 2771 ex
635 2713 831 2772 altera
859 2724 1036 2792 parte
1067 2713 1370 2772 Americae
1411 2713 1491 2772 ad
1537 2712 1795 2772 Indiam.
1886 2712 2012 2772 Ita-

256 2825 373 2883 que
406 2806 457 2864 si
479 2816 644 2865 terra
670 2816 904 2866 motum
927 2808 1152 2867 habeat
1186 2808 1428 2886 qualem
1461 2808 1774 2886 supposui,
1794 2825 2009 2866 nasce-

256 2912 358 2961 tur
396 2902 541 2962 inde
587 2923 797 2963 cursus
842 2925 1143 2983 aquarum
1189 2906 1404 2965 oceani
1451 2907 1527 2965 ab
1577 2905 1755 2964 India
1796 2922 2005 2962 versus

253 2996 481 3055 fretum
511 2997 990 3074 Magellanicum
1018 3026 1032 3068 ;
1067 3000 1234 3078 quod
1262 3000 1492 3059 fretum
1521 3001 1746 3059 molem
1769 3008 2008 3057 tantam

256 3109 475 3168 capere
506 3110 632 3148 non
660 3101 882 3168 potest.
939 3093 1158 3171 Itaque
1190 3094 1348 3153 obex
1380 3095 1484 3171 qui
1517 3113 1762 3153 cursum
1795 3090 2010 3151 oceani

254 3182 533 3260 impedit,
565 3193 625 3241 et
653 3204 763 3261 per
786 3185 972 3245 litora
1001 3207 1321 3266 assurgere
1346 3199 1408 3247 et
1438 3187 1708 3247 residere
1727 3186 1894 3254 facit,
1916 3193 2010 3243 est

255 3296 398 3355 pars
430 3275 534 3334 illa
565 3276 865 3336 Americae
897 3279 1202 3339 Australis
1234 3301 1374 3359 quae
1405 3280 1817 3359 Magellanico
1849 3279 2006 3336 freto

257 3370 517 3446 adjacet.
609 3369 792 3429 Quod
822 3381 1029 3430 autem
1061 3373 1136 3432 de
1182 3374 1363 3434 litore
1394 3375 1698 3434 Americae
1747 3374 2006 3431 obverso

257 3463 337 3522 ad
367 3462 684 3521 Orientem
716 3463 861 3535 dixi,
893 3464 1362 3544 intelligendum
1394 3469 1579 3527 etiam
1612 3476 1702 3526 est
1733 3466 1807 3523 de
1831 3465 2007 3521 litore

257 3577 490 3616 averSO.
581 3556 852 3634 Surgens
877 3568 1083 3617 autem
1114 3561 1192 3619 ad
1222 3561 1407 3620 litora
1428 3561 1730 3620 Americae
1752 3559 2006 3616 Austra-

256 3651 330 3709 lis
367 3669 650 3722 oceanUS,
685 3669 868 3710 causa
916 3661 1007 3711 est
1054 3664 1313 3712 aestuum
1363 3654 1546 3713 maris
1596 3649 1912 3720 Atlantici,
1945 3657 2006 3706 et

2099 1039 2211 1072 CAP.
2239 1039 2292 1071 11.

2075 1095 2315 1122 bqr—d

2081 1144 2137 1178 De
2155 1144 2305 1178 aestibus

2080 1198 2242 1233 marinis.
