2462 4120
790 407 1356 450 GEOMETRARUM.
1814 400 1934 451 415

199 547 455 608 definire
479 547 910 627 quantitatem,
931 555 993 606 et
1013 547 1429 626 quantitatum
1455 546 1696 608 diversa
1714 569 1942 628 genera

198 645 362 704 inter
407 663 470 703 se
511 643 904 721 distinguere.
993 641 1411 720 Interroganti
1451 643 1613 701 enim
1660 653 1942 722 quantum

200 746 313 810 est,
346 738 450 817 qui
495 737 584 797 ita
628 736 959 815 respondet
988 744 1059 794 ut
1097 736 1533 814 interrogantis
1566 738 1803 796 animus
1844 759 1944 797 66-

203 833 476 913 quiescat
525 832 590 890 in
623 851 695 891 6ο
748 830 912 910 quod
964 830 1394 909 respondetur,
1443 850 1690 890 necesse
1739 842 1831 891 est
1875 843 1946 891 ut

202 924 691 1005 magnitudinem
752 925 827 984 de
876 945 998 1004 qua
1048 925 1345 1004 quaeritur
1386 924 1485 984 vel
1544 937 1811 1004 exponat
1869 926 1947 984 ad

204 1022 430 1094 ocuIOS,
450 1020 548 1081 vel
579 1019 947 1080 determinet
974 1039 1088 1098 per
1118 1020 1644 1099 comparationem
1668 1041 1807 1079 cum
1832 1021 1949 1079 alio

206 1125 439 1196 quanto
469 1134 580 1194 per
604 1134 952 1173 mensuram
979 1113 1412 1173 determinato.
1500 1114 1759 1173 Animus
1790 1113 1952 1172 enim

205 1212 272 1272 in
300 1209 636 1270 indefinitis
666 1230 791 1268 non
822 1209 1189 1289 acquiescet.

294 1304 419 1365 Sed
457 1304 602 1383 quia
657 1323 784 1363 non
833 1303 1039 1363 omnia
1085 1313 1317 1382 quanta
1362 1313 1800 1363 mensurantur
1844 1323 1955 1382 per

219 1401 470 1471 lineam,
501 1419 616 1458 1166
645 1418 756 1477 per
786 1398 1186 1477 superficiem,
1216 1418 1332 1458 nec
1360 1419 1471 1477 per
1502 1398 1784 1471 solidum,
1817 1399 1960 1458 toti-

214 1495 355 1556 dem
386 1503 567 1554 erunt
596 1513 825 1572 genera
844 1513 1148 1554 mensurae
1169 1503 1321 1572 quot
1345 1504 1489 1553 sunt
1511 1514 1741 1572 genera
1766 1513 1959 1572 quan-

213 1598 439 1650 torum.
557 1588 796 1666 Corpus
855 1598 1246 1647 mensuratur
1304 1597 1400 1647 tot
1457 1589 1758 1648 mensuris
1811 1598 1963 1667 quot

215 1684 404 1745 habet
448 1682 878 1756 dimensioneS,
922 1692 983 1742 et
1025 1682 1285 1762 proinde
1332 1683 1451 1742 tria
1493 1684 1682 1742 habet
1722 1683 1963 1743 diversa

216 1798 446 1860 genera
474 1778 909 1857 quantitatum,
940 1797 1161 1857 nempe
1189 1778 1434 1850 lineam,
1465 1779 1868 1857 superficiem,
1902 1789 1964 1837 et

219 1873 624 1934 soliditatem:
669 1892 928 1951 quarum
960 1872 1378 1951 quantitatum
1407 1873 1587 1932 unius
1629 1893 1792 1952 parS,
1820 1893 1963 1951 pars

221 1969 473 2029 alterius
505 1987 636 2027 esse
675 1987 801 2027 non
842 1977 1065 2046 potest.
1152 1968 1231 2028 Et
1270 1969 1335 2027 in
1374 1968 1746 2041 universum,
1778 1987 1965 2046 quan-

222 2063 433 2124 titates
460 2061 581 2121 11166
613 2060 837 2122 diversi
865 2063 1109 2141 generis
1141 2072 1300 2136 sunt,
1334 2084 1591 2142 quarum
1621 2083 1762 2142 pars
1785 2063 1966 2121 unius

223 2177 350 2218 non
380 2165 473 2217 est
499 2177 641 2237 pars
671 2157 923 2217 alterius
947 2182 960 2216 :
1007 2159 1102 2219 vel
1130 2168 1201 2219 ut
1233 2159 1524 2219 definitur
1569 2159 1662 2219 ab·
1691 2158 1966 2231 Euclide,

237 2272 495 2332 quarum
543 2273 686 2326 una,
739 2254 1129 2332 quantumvis
1183 2254 1607 2333 multiplicata,
1653 2273 1970 2332 nunquam

228 2347 486 2408 alteram
515 2348 844 2426 superabit.

313 2442 520 2502 Lineae
540 2462 686 2520 ergo
708 2462 938 2515 omnes,
960 2443 1086 2502 sive
1105 2452 1292 2503 rectae
1312 2444 1435 2503 sive
1456 2463 1679 2516 curvae,
1701 2442 1973 2522 ejusdem

233 2550 377 2601 sunt
399 2540 641 2619 generis
672 2542 1072 2620 quantitates:
1107 2551 1170 2601 61
1202 2542 1344 2620 quia
1374 2562 1559 2600 curva
1589 2540 1838 2600 extendi
1868 2560 1971 2619 po-

233 2643 374 2707 test,
403 2635 492 2694 ita
519 2644 588 2694 ut
615 2636 745 2707 fiat,
774 2656 900 2696 non
924 2647 1162 2696 mutata
1185 2636 1549 2716 quantitate,
1568 2645 1756 2708 recta,
1782 2635 1974 2694 altera

235 2752 446 2792 earum
474 2733 878 2812 multiplicata
907 2734 1165 2794 alteram
1197 2755 1486 2813 superare
1516 2744 1737 2813 potest.

319 2826 417 2886 Ab
446 2826 541 2886 his
570 2827 766 2887 tribus
805 2829 1130 2906 generibus
1170 2829 1412 2889 Clavius
1453 2829 1724 2890 excludit
1762 2849 1977 2887 nume-

237 2941 394 2994 rum,
425 2930 714 3000 tanquam
745 2942 938 3001 genus
981 2926 1055 2984 ab
1087 2925 1367 2985 omnibus
1411 2925 1608 2985 tribus
1649 2924 1974 2983 diversum.

240 3015 384 3075 Non
413 3025 598 3075 recte.
686 3016 993 3077 Numerus
1024 3038 1263 3098 semper
1292 3028 1384 3079 est
1411 3020 1475 3079 111
1508 3019 1724 3079 eodem
1754 3037 1976 3098 genere

245 3110 608 3189 quantitatis
632 3130 772 3169 cum
800 3122 1142 3173 numerato.
1189 3115 1405 3193 Neque
1434 3134 1658 3193 genere
1690 3114 1979 3173 differunt

241 3224 434 3264 unum
480 3211 542 3262 et
588 3203 786 3282 plura.
871 3205 1178 3267 Numerus
1221 3218 1429 3267 autem
1475 3218 1538 3268 et
1579 3208 1773 3287 plura,
1814 3206 1979 3265 idem

245 3307 407 3359 sunt.
493 3297 801 3379 Numerus
845 3298 1162 3375 linearum,
1209 3311 1271 3361 et
1315 3303 1512 3375 1111666,
1551 3303 1780 3361 habent
1815 3299 1978 3357 idem

243 3411 437 3472 genus
485 3391 880 3470 quantitatis:
926 3392 1075 3452 item
1131 3416 1422 3456 numerus
1480 3397 1862 3474 angulorum,
1916 3400 1978 3450 et

245 3486 542 3565 angulus3
574 3494 940 3565 temporum,
973 3497 1035 3546 et
1060 3498 1321 3569 tempus,
1353 3501 1470 3550 etc.
1519 3489 1702 3551 Quod
1735 3487 1976 3546 Clavius

244 3582 469 3641 lineam
520 3580 757 3640 finitam
803 3588 863 3640 et
908 3580 1136 3642 lineam
1175 3584 1479 3644 infinitam
1529 3583 1800 3663 ejusdem
1848 3600 1977 3639 esse

247 3675 487 3754 generis
516 3684 720 3754 negat,
753 3676 1126 3754 superfluum
1156 3687 1280 3738 est:
1324 3689 1615 3757 tanquam
1646 3678 1695 3737 si
1725 3676 1857 3755 quis
1888 3675 1978 3734 di-

2020 568 2133 601 CAP.
2160 566 2231 598 XI.

2008 622 2246 652 *52⁴

2019 675 2075 711 De
2093 673 2245 708 ratione.
