2462 4120
813 382 901 423 DE
935 381 1217 424 NATURA
1251 382 1477 425 AERIS.
1885 378 2006 431 259

352 524 432 584 B.
478 524 572 582 Ita
615 521 892 612 videtum
946 542 1060 581 nec
1112 522 1307 582 habeo
1367 524 1532 601 quod
1582 527 2001 604 respondeam.

271 619 462 697 Pergo
506 617 693 695 igitur
738 616 817 675 ad
863 617 1296 695 experimenta.
1386 617 1500 675 Per
1547 619 1803 679 eandem
1850 623 2003 682 reci-

266 712 575 792 procantis
621 711 878 770 suctoris
930 731 1197 789 operam,
1247 710 1433 769 etiam
1485 711 1789 787 animalia,
1843 717 1893 774 si
1940 718 2004 776 in

266 806 593 885 recipiente
666 804 1129 876 concludantur,
1188 814 1501 883 tamquam
1576 818 1795 867 exucto
1864 831 2003 870 aere

267 901 429 960 intra
467 900 586 959 duo
620 900 713 958 vel
753 900 873 959 tria
912 900 1148 958 minuta
1187 899 1356 958 horae
1397 900 1770 960 morientur:
1819 905 2002 980 quod,

268 1015 554 1055 concesso
584 1015 797 1067 vacu0,
818 994 1164 1053 mirandum
1193 1014 1316 1053 non
1348 1004 1476 1064 est3
1523 1004 1769 1073 negato,
1796 999 2002 1057 nescio

268 1089 574 1169 quomodo
607 1090 848 1148 evenire
877 1098 1097 1168 potest.

350 1185 431 1244 A.
480 1184 724 1244 Credin'
759 1198 827 1243 tu
857 1185 1142 1244 animalia
1170 1184 1287 1244 ista
1320 1192 1447 1243 tam
1479 1183 1602 1242 cito
1633 1183 2004 1262 interempta

267 1299 418 1352 esse,
449 1299 520 1339 eo
552 1279 717 1358 quod
745 1291 1024 1338 carerent
1064 1277 1244 1338 aere?
1335 1277 1660 1338 Quomodo
1705 1298 1850 1356 ergo
1894 1281 2004 1338 sub

267 1395 486 1454 aquam
519 1375 732 1433 vivunt
770 1375 1134 1446 urinatoreS,
1168 1393 1422 1452 quorum
1471 1373 1676 1451 aliqui,
1713 1373 1940 1431 assueti
1970 1394 2005 1432 a

266 1470 546 1549 pueritia,
583 1490 831 1530 caruere
871 1490 1009 1529 aere
1052 1490 1160 1549 per
1207 1470 1420 1529 horam
1466 1468 1815 1547 integram?
1904 1469 2005 1527 In-

267 1565 436 1624 clusa
464 1565 527 1623 in
557 1565 888 1644 recipiente
918 1565 1203 1624 animalia
1232 1564 1458 1623 occidit
1483 1573 1686 1622 motus
1710 1563 1812 1621 ille
1843 1562 2005 1622 idem

266 1660 848 1730 vehementissimuS,
881 1680 1001 1739 quo
1042 1658 1478 1719 distenduntur
1513 1668 2003 1737 rumpunturque

266 1755 515 1815 inclusae
546 1755 779 1814 vesicae.
1398 1765 1405 1772 “

351 1849 431 1909 B.
453 1849 712 1908 Discedo
723 1850 944 1908 iterum
957 1849 1304 1922 amachina,
1318 1858 1381 1908 et
1393 1868 1638 1908 causam
1651 1867 1859 1927 quaero
1872 1847 2005 1906 noti

265 1944 544 2003 omnibus
570 1944 990 2022 experimenti.
1037 1944 1101 2002 Si
1130 1943 1264 2023 quis
1293 1944 1535 2022 phialae,
1557 1943 1724 2002 omni
1747 1962 2003 2020 corpore

263 2046 487 2116 praeter
529 2057 731 2097 aerem
781 2058 1009 2111 vacuae,
1063 2058 1128 2097 os
1175 2047 1456 2116 apertum
1506 2037 1682 2095 labiis
1732 2035 2003 2114 undique

261 2140 429 2191 arcte
459 2133 890 2211 complectenS,
921 2152 1125 2192 aerem
1154 2133 1321 2191 intus
1352 2140 1713 2191 contentum
1743 2140 2003 2189 conetur

262 2245 543 2305 exugere,
568 2227 784 2305 prim0,
808 2227 978 2286 labra
1000 2226 1141 2285 inde
1168 2226 1492 2285 difficulter
1516 2224 1723 2284 revelli
1747 2225 1999 2293 sentiet;

262 2321 501 2395 deinde,
534 2322 584 2380 si
612 2322 834 2400 phialae
865 2322 1123 2381 inversae
1154 2340 1220 2380 os
1260 2321 1323 2379 in
1365 2339 1585 2399 aquam
1615 2319 2001 2397 quantulam-

262 2436 500 2496 cunque
530 2417 871 2496 immergat,
896 2416 1128 2476 videbit
1152 2436 1374 2494 aquam
1398 2415 1462 2474 in
1491 2414 1759 2493 phialam
1790 2433 1998 2472 ascen-

264 2510 407 2570 dere
447 2511 626 2571 altius
666 2531 847 2589 quam
898 2521 992 2570 est
1045 2511 1335 2590 subjectae
1393 2529 1569 2588 aquae
1627 2508 1997 2587 superficies,

265 2604 490 2665 Quaero
538 2626 646 2665 cur
692 2627 850 2685 aqua
899 2615 1116 2666 contra
1152 2615 1438 2665 naturam
1486 2624 1659 2663 suam
1699 2603 1995 2676 ascendit,

262 2707 666 2778 praeterquam
710 2711 780 2760 ut
830 2700 1092 2779 spatium
1143 2700 1413 2778 impleat,
1462 2698 1627 2779 quod
1677 2698 1740 2757 in
1792 2698 1997 2776 phiala

264 2791 491 2851 factum
521 2804 669 2866 erat,
702 2794 996 2873 sugendo,
1026 2815 1285 2854 vacuum
1312 2793 1332 2852 ἓ

349 2885 429 2945 Α.
473 2887 665 2947 Vacui
707 2888 855 2968 fuga
904 2910 1087 2949 causa
1135 2890 1225 2949 rei
1272 2909 1401 2949 esse
1447 2909 1569 2948 non
1618 2896 1841 2966 potest.
1932 2886 1997 2945 Si

266 2999 466 3039 aerem
491 2980 811 3057 exuxisset,
835 2995 941 3044 aut
971 3005 1074 3044 aer
1103 2985 1276 3058 alius,
1302 2984 1448 3043 dum
1467 2983 1735 3062 phialam
1759 3002 1795 3040 a
1818 2981 1994 3040 labiis

265 3073 344 3132 ad
373 3093 592 3152 aquam
619 3078 1071 3152 transferrebat,
1103 3080 1411 3158 ingressus
1442 3087 1601 3137 esset
1626 3103 1639 3145 ;
1693 3087 1798 3135 aut
1826 3085 1995 3153 post-

267 3186 448 3246 quam
477 3170 902 3245 transtulisset,
934 3193 1094 3252 aqua
1120 3174 1396 3252 ingressa
1424 3193 1548 3232 non
1578 3180 1759 3231 esset.
1823 3170 1994 3228 Faci-

263 3261 381 3321 lius
437 3261 598 3322 enim
648 3265 921 3324 ascendit
970 3287 1129 3346 aqua
1179 3288 1363 3347 quam
1407 3287 1529 3326 aer.
1620 3264 1788 3327 Quid
1846 3282 1993 3341 ergo

266 3355 466 3415 effecit
522 3365 592 3416 ut
647 3378 802 3436 aqua
859 3362 1256 3421 ascenderet?
1374 3363 1642 3421 Conatus
1699 3359 1855 3418 aeris
1915 3356 1994 3415 ad

266 3449 495 3509 exitum
526 3470 558 3509 e
587 3451 805 3528 phiala.
864 3454 1046 3515 Quod
1074 3457 1160 3516 sic
1190 3457 1514 3535 intelliges
1572 3455 1695 3516 Qui
1724 3451 1992 3530 phialam

266 3543 451 3621 sugit,
486 3545 638 3604 nihil
680 3546 759 3605 ad
803 3547 1117 3625 pulmones
1162 3552 1436 3624 attrahit,
1483 3560 1553 3609 ut
1594 3548 1829 3607 faciunt
1887 3543 1994 3622 qui

265 3637 586 3716 respirant,
615 3659 807 3718 neque
837 3641 900 3701 in
930 3645 1332 3704 ventriculum
1364 3642 1643 3722 deglutit,
1672 3639 1764 3699 uti
1794 3637 1992 3696 infans

1738 3751 1768 3791 S
1800 3760 1823 3796 2
