2462 4120
560 317 671 381 176
914 333 1361 376 ΕΧΑΜΙΝΑΤΙΟ
1398 335 1482 374 ΕΤ
1517 334 1927 376 ΕΜΕΝΒΑΤΙΟ

239 490 487 524 mAnocus
554 479 792 530 constat
836 491 909 530 ex
945 473 1183 532 infinito
1230 491 1483 531 numero
1535 471 1854 549 planorum
1899 473 2281 535 arithmetice

242 615 251 625 ,
345 559 391 589 v.
474 617 479 626 ,
551 567 1117 644 proportionalium.
1188 566 1370 627 Quod
1401 565 1790 624 concedimus
1819 577 1887 626 ut
1918 569 2282 640 verum,sed

551 681 676 719 non
721 671 791 719 ut
836 681 1082 735 novum,
1135 681 1249 719 nec
1301 660 1399 718 hic
1453 659 1951 732 demonstratum,
2011 662 2127 720 nisi
2176 663 2281 723 illa

545 754 731 832 plana
759 755 879 814 sint
909 755 1260 835 cylindrusi.
1350 752 1533 813 Quod
1562 764 1631 811 tu
1674 753 1891 812 iterum
1940 754 2103 815 dices
2148 775 2281 815 esse

546 848 786 908 falsum.

629 940 707 1002 A.
755 942 1030 1004 Quidni?

630 1037 711 1096 B.
759 1037 1096 1115 Propositio
1150 1033 1385 1092 decima
1436 1043 1547 1107 est,
1607 1033 1772 1112 quod
1813 1034 2278 1113 pyramidoidis

534 1130 894 1209 parabolici
923 1140 983 1189 et
1018 1129 1206 1209 plani
1245 1149 1371 1207 per
1415 1149 1594 1186 axem
1637 1128 1908 1186 secantis
1958 1130 2278 1187 eommunis

545 1225 736 1283 sectio
768 1233 861 1283 est
892 1222 1229 1304 parabola.
1320 1222 1502 1283 Quod
1533 1233 1627 1280 est
1655 1222 1895 1293 falsum,
1935 1222 2052 1280 nisi
2092 1223 2279 1282 addat

546 1319 710 1396 quod
740 1319 930 1378 sectio
961 1317 1219 1377 transire
1252 1316 1471 1375 debeat
1510 1335 1618 1393 per
1661 1315 1918 1394 angulos
1949 1316 2276 1394 oppositos,

547 1413 701 1472 Cum
731 1414 893 1472 enim
935 1411 1207 1471 concidis
1255 1409 1586 1488 parabolici
1627 1409 1913 1488 planique
1952 1429 2062 1487 per
2101 1429 2276 1468 axem

547 1508 885 1566 communis
937 1506 1126 1566 sectio
1171 1506 1249 1564 sit
1291 1504 1597 1583 parabola,
1649 1503 2019 1582 impossibile
2069 1513 2162 1563 est
2206 1515 2277 1564 ut

543 1601 707 1661 idem
738 1603 1055 1679 contingat
1082 1601 1146 1659 in
1175 1598 1615 1678 pyramidoide,
1647 1607 1754 1657 aut
1781 1597 1905 1657 ulla
1934 1598 2054 1657 alia
2081 1599 2277 1676 figura

541 1696 749 1756 basem
779 1697 1043 1755 habente
1074 1694 1472 1766 rectilineam,
1505 1713 1742 1772 nempe,
1773 1692 2170 1771 polygonum.

624 1789 700 1850 A.
748 1791 1085 1869 Propositio
1114 1789 1178 1848 xi
1212 1789 1471 1866 figuram
1512 1788 1762 1847 exhibet
1803 1786 1985 1846 aliam
2024 1806 2268 1857 novam,

544 1905 726 1964 quam
746 1885 1013 1964 appellat
1043 1903 1303 1943 cuneum
1325 1883 1769 1962 parabolicum:
1803 1881 1907 1959 qui
1929 1880 2081 1939 nihil
2104 1881 2274 1940 aliud

541 1990 651 2052 est,
722 1990 792 2038 ut
848 1979 998 2038 mihi
1054 1977 1317 2049 videtur,
1373 1996 1556 2055 quam
1613 1975 1967 2054 simpliciter
2025 1994 2273 2046 cuneuS‚

539 2074 846 2147 nimirum,
866 2073 1095 2152 prisma
1119 2074 1213 2150 cuj
1223 2092 1290 2130 us
1312 2071 1474 2130 basis
1505 2079 1600 2129 est
1620 2069 2272 2148 parallelogrammum,

539 2169 700 2227 acies
731 2177 934 2227 autem
963 2168 1124 2226 linea
1155 2175 1341 2225 recta.
1432 2165 1618 2226 Quod
1648 2164 1892 2242 quidem
1923 2163 2151 2242 prisma
2181 2173 2275 2222 est

539 2273 939 2341 aggregatum
989 2261 1453 2339 triangulorum,
1500 2279 1760 2337 quorum
1807 2257 2053 2336 quidem
2098 2257 2274 2315 bases

540 2357 718 2415 simul
770 2376 978 2416 omnes
1029 2355 1265 2415 faciunt
1314 2353 1969 2432 parallelogrammum,
2014 2350 2272 2410 vertices

537 2459 743 2510 autem
772 2451 994 2509 lineam
1024 2458 1275 2509 rectam.
1343 2449 1498 2508 Quae
1523 2457 1615 2506 est
1642 2447 1842 2525 figura
1865 2445 2014 2505 tecti
2036 2445 2269 2505 domus.

622 2542 700 2603 B.
744 2545 998 2604 Temere
1028 2545 1181 2603 haec.

624 2639 704 2698 A.
752 2639 1103 2717 Sequuntur
1159 2657 1366 2697 rursus
1417 2636 1669 2695 inventa
1725 2634 1941 2693 aliena.
2058 2633 2270 2711 Itaque

539 2733 878 2811 Propositio
911 2733 995 2792 xii
1026 2732 1295 2792 ostendit
1344 2730 1492 2809 quid
1538 2729 1616 2788 sit
1656 2727 1825 2788 latus
1865 2735 2114 2800 rectum,
2146 2727 2270 2786 sive

528 2835 915 2907 parameter,
973 2827 1098 2886 sive
1140 2827 1333 2904 juata
1392 2844 1572 2904 quam
1619 2829 1886 2903 possunt
1943 2821 2271 2880 ordinatim

536 2920 1338 3000 applicatae.—Parameter
1395 2918 1522 2978 hoee
1585 2936 1701 2975 non
1744 2915 2004 2995 uspiam,
2051 2916 2268 2993 inquit,

534 3016 634 3075 vel
660 3016 720 3076 in
752 3016 886 3074 coni
915 3015 1185 3074 sectione
1206 3012 1304 3073 vel
1327 3013 1391 3072 in
1420 3012 1557 3092 ipso
1587 3031 1730 3069 cono
1760 3009 2017 3068 realiter
2033 3009 2269 3082 existit,

535 3110 654 3169 sed
669 3108 803 3168 sola
823 3108 1263 3188 imaginatione
1280 3103 1900 3187 suppletum—Quod
1922 3112 2013 3162 est
2030 3103 2268 3176 falsum,

535 3213 868 3282 natumque
898 3223 973 3262 ex
992 3203 1297 3281 imperitia
1313 3200 1573 3261 hominis
1591 3199 1655 3258 in
1678 3198 1905 3257 conicis
1929 3198 2265 3257 semidocti.

622 3298 705 3358 B.
753 3298 1049 3365 Quaenam
1072 3307 1278 3356 autem
1302 3305 1394 3356 est
1414 3303 1582 3355 recta
1610 3293 1714 3352 illa
1742 3293 1807 3352 in
1837 3292 1979 3352 coni
1999 3292 2268 3351 sectione

535 3393 781 3453 realiter
810 3391 1074 3450 existens
1097 3388 1479 3468 parameter?

621 3487 702 3547 A.
749 3486 984 3545 Dicam.
1100 3485 1391 3543 Describe
1448 3481 1820 3562 parabolam,
1885 3480 2034 3557 (non
2083 3499 2266 3551 nunc,

536 3581 646 3641 sed
675 3602 814 3641 cum
843 3579 1029 3640 fueris
1061 3579 1224 3658 apud
1251 3581 1364 3657 te),
1390 3589 1451 3639 et
1481 3574 1930 3655 comprehende
1953 3573 2266 3653 parallelo-
