2462 4120
833 389 1394 434 GEOMETRARUM.
1869 382 1979 436 461

244 530 532 592 nimirum
563 527 932 609 quadratum
962 550 998 589 a
1028 529 1170 600 CM,
1201 531 1435 609 aequale
1466 551 1595 591 esse
1626 531 1923 611 quadrato
1954 554 1990 592 a

2035 553 2147 586 CAP.
2174 553 2322 586 XXIII.

2061 610 2299 637 κ-Ὑ-κ

248 626 359 686 CN
389 646 512 685 una
541 644 681 684 cum
713 625 898 684 tertia
927 624 1116 704 ipsius
1140 635 1336 704 parte,
1371 635 1431 686 et
1463 626 1698 686 duobus
1730 628 1988 706 quadra-
2014 663 2071 698 De
2089 663 2293 709 quantitate

246 722 325 781 tis
354 722 430 781 ab
455 720 606 792 ΝΜ,
633 719 760 779 sive
791 720 916 793 PR,
942 721 1254 799 tangentis
1281 729 1341 780 et
1373 721 1681 780 semiradii
1711 722 1988 782 differen-

246 815 352 886 tia,
382 814 433 874 si
462 833 606 873 vera
637 813 714 874 sit
743 834 918 893 prop.
951 817 1056 887 47,
1086 814 1280 874 Elem.
1312 814 1353 873 i.

333 910 530 988 Super
555 909 674 968 CM
700 909 1113 969 constituatur
1132 909 1503 989 quadratum
1523 909 1781 969 CMYX.
1834 911 1992 968 Item

249 1023 430 1083 super
461 1003 584 1061 ΒΜ
616 1003 1030 1062 constituatur
1069 1003 1440 1080 quadratum
1473 1003 1702 1081 BMZf.
1792 1003 1994 1062 Etiam

247 1117 430 1177 super
487 1097 603 1157 BN
655 1097 1067 1157 constituatur
1118 1097 1484 1176 quadratum
1538 1096 1759 1177 BNglz.
1858 1097 1995 1155 Erit

249 1213 397 1272 ergo
428 1202 561 1252 tum
591 1193 712 1266 PY,
743 1202 876 1253 tum
900 1193 999 1274 gZ
1031 1193 1394 1272 quadratum
1431 1192 1793 1251 differentiae
1833 1191 1994 1250 inter

251 1287 396 1360 CM,
428 1295 787 1366 tangentem
820 1294 900 1347 30
922 1287 1245 1366 graduum,
1277 1298 1340 1346 et
1371 1286 1762 1346 semiradium
1789 1286 1924 1345 CN.

336 1382 596 1442 Constat
616 1392 822 1442 autem
847 1382 1213 1461 quadratum
1239 1383 1339 1441 le
1359 1382 1588 1461 aequale
1621 1382 1752 1441 est*
1773 1401 1994 1440 novem

253 1477 567 1558 quadratis
609 1498 645 1537 a
684 1478 1010 1538 semiradio
1045 1478 1180 1538 CN.
1287 1477 1470 1538 Quod
1501 1485 1708 1536 autem
1740 1475 2001 1555 quadra-

252 1583 386 1632 tum
417 1572 521 1652 Bf
556 1573 789 1651 aequale
835 1582 928 1632 est
969 1573 1180 1633 decem
1213 1573 1527 1652 quadratis
1568 1593 1605 1632 a
1635 1572 1766 1645 CN,
1815 1590 1999 1651 supra

254 1667 738 1728 demonstratum
770 1678 880 1728 est.

337 1763 448 1822 Est
469 1781 616 1841 ergo
645 1782 915 1841 gnomon
948 1763 1051 1842 qui
1084 1763 1383 1842 quadrato
1415 1762 1517 1822 le
1547 1762 1864 1842 appositus
1888 1771 1999 1832 est,

256 1857 507 1936 aequalis
560 1856 859 1935 quadrato
917 1858 1048 1917 NF.
1160 1858 1521 1917 Differentia
1577 1867 1782 1917 autem
1839 1857 2004 1915 inter

256 1951 623 2031 quadratum
667 1951 800 2011 MX
841 1961 904 2010 et
956 1952 1083 2025 NF,
1125 1962 1220 2012 est
1269 1972 1542 2031 gnomon
1587 1961 1875 2012 constans
1927 1969 2003 2009 ex

258 2045 443 2125 duplo
474 2045 834 2124 rectangulo
866 2046 984 2105 MP
1014 2056 1077 2106 et
1107 2046 1407 2125 quadrato
1456 2047 1577 2120 PY,
1617 2047 1718 2106 cui
1766 2045 2001 2125 aequale

257 2150 352 2200 est
380 2138 748 2220 quadratum
775 2141 894 2221 gZ.

341 2235 623 2295 Gnomon
663 2243 870 2294 autem
920 2235 1024 2315 qui
1070 2235 1346 2315 adjectus
1399 2246 1493 2295 est
1538 2234 1840 2315 quadrato
1880 2233 2000 2308 Nh,

256 2319 506 2409 aequalis
537 2338 630 2389 est
659 2329 940 2409 sextuplo
970 2330 1333 2409 rectangulo
1365 2330 1484 2389 MP
1512 2350 1636 2389 una
1677 2350 1815 2388 cum
1847 2349 2002 2407 qua-

259 2423 438 2484 drato
473 2425 591 2505 gZ.
681 2425 792 2485 Est
844 2433 1052 2485 autem
1098 2445 1372 2504 gnomon
1417 2425 1519 2485 ille
1565 2425 1815 2503 aequalis
1859 2444 2004 2502 qua-

261 2517 438 2579 drato
467 2518 796 2580 semiradii,
883 2519 1093 2580 Minus
1124 2540 1271 2599 ergo
1303 2530 1395 2579 est
1425 2519 1794 2600 quadratum
1824 2518 2004 2578 semi-

259 2612 418 2672 radii
440 2633 622 2692 quam
652 2613 1019 2692 quadratum
1043 2615 1357 2694 tangentis
1384 2622 1462 2675 30
1486 2614 1791 2693 graduum
1820 2613 2006 2673 tertia

263 2707 377 2776 sui,
408 2715 471 2764 et
500 2716 799 2784 praeterea
819 2717 991 2769 tanto
1018 2719 1316 2788 quantum
1340 2720 1432 2769 est
1458 2709 1712 2789 duplum
1743 2708 2005 2788 quadra-

263 2809 397 2860 tum
426 2819 463 2859 a
492 2801 594 2860 PY
622 2802 716 2861 vel
744 2803 863 2882 gZ.

347 2893 648 2954 Excessus
686 2915 833 2974 ergo
881 2898 1164 2976 quadrati
1214 2900 1529 2978 tangentis
1581 2906 1660 2961 30
1702 2898 2006 2978 graduum

267 3005 451 3066 supra
478 2988 846 3066 quadratum
886 2993 1214 3067 semiradii,
1245 2995 1443 3073 majus
1487 3003 1579 3054 θεῖ
1611 3014 1793 3074 quam
1824 2993 2008 3052 tertia

264 3101 408 3160 pars
441 3082 723 3161 quadrati
746 3085 1073 3161 semiradii,
1095 3098 1271 3148 tanto
1301 3097 1599 3169 quantum
1630 3098 1725 3148 est
1755 3087 2009 3165 duplum

268 3175 635 3255 quadratum
665 3177 785 3238 PY.
834 3178 1018 3239 Quod
1051 3191 1145 3241 est
1175 3193 1392 3242 contra
1413 3203 1590 3262 prop.
1624 3186 1724 3253 47,
1749 3181 1940 3240 Elem.
1965 3179 2005 3238 i.

349 3269 540 3329 Error
566 3278 773 3330 autem
800 3271 902 3330 hic
923 3273 987 3331 in
1010 3274 1323 3352 quadratis
1351 3277 1519 3356 ipsis,
1543 3286 1612 3336 ut
1641 3276 1831 3344 vides,
1862 3273 2008 3332 satis

266 3370 359 3422 θεῖ
377 3363 700 3438 sensibilis,
713 3365 827 3425 etsi
845 3365 910 3425 in
928 3367 1220 3429 lateribus
1239 3391 1365 3430 non
1383 3381 1509 3431 tam
1533 3371 1711 3430 facile
1731 3375 2006 3447 apparet.

266 3457 605 3535 Apparebit
648 3467 872 3532 autem,
904 3460 955 3519 si
999 3461 1079 3521 ad
1107 3461 1168 3538 -ξ
1210 3475 1396 3525 rectae
1443 3466 1550 3525 BG
1592 3462 1899 3524 addideris
1942 3461 2007 3519 in

268 3550 570 3611 directum
613 3553 852 3613 radium
898 3563 1117 3630 totum,
1162 3559 1287 3619 sive
1318 3558 1404 3634 ἐξ,
1448 3568 1630 3640 atque
1672 3560 1831 3618 inter
1873 3555 2006 3614 illas

779 3707 808 3736 ²*
847 3708 930 3757 Sic
954 3710 1066 3758 edit.
1099 3713 1226 3760 1666
1250 3721 1299 3761 et
1328 3715 1469 3761 1668.

2031 722 2121 752 ectae
2139 717 2348 762 compositae

2013 782 2059 806 ex
2076 771 2179 806 radio
2208 770 2349 813 circuli,

2012 830 2080 861 etc.
