2462 4120
338 499 449 534 CAP.
470 502 539 536 VI.

313 555 551 585 5-7--2

270 603 327 639 De
342 605 476 651 pluvia,
489 611 607 651 vento,

269 658 422 705 aliisque
445 662 529 699 coeli
546 675 604 699 va-

268 712 470 754 rietatibus.

629 332 749 388 350
1085 349 1545 394 PROBLEMATA
1578 354 1894 396 PHYSICA.

709 484 790 544 B.
838 485 1184 565 Suppositio
1213 489 1314 549 hic
1343 490 1687 551 adhibenda
1717 503 1808 552 est
1829 513 2006 552 nova.

712 579 791 638 A.
841 579 984 640 Non
1015 583 1219 642 omnia
1248 603 1392 662 ergo
1423 586 1699 645 continet
1727 587 1935 664 pelviS.

708 672 791 733 B.
839 674 1003 735 Quid
1031 676 1157 736 ita?
1245 678 1594 755 Suppositio
1626 679 1787 738 enim
1818 699 1999 757 quam
2029 677 2351 756 adjunctu-

623 786 727 826 rus
758 787 910 842 sum,
941 790 1064 829 non
1096 771 1404 830 obstabit:
1451 792 1586 849 quae
1628 772 1761 831 haec
1802 783 1912 846 est,
1945 771 2109 851 quod
2148 781 2351 831 motus

621 859 723 919 ille
748 881 927 939 quem
958 864 1246 941 supposui
1275 863 1339 921 in
1368 872 1553 936 terra,
1578 864 1722 936 sole,
1747 874 1809 923 et
1831 865 2027 938 astriS,
2047 875 2140 924 est
2163 866 2350 924 etiam

619 955 685 1014 in
715 974 925 1015 eorum
954 957 1219 1015 minimis
1249 957 1582 1035 particulis,
1671 958 1834 1017 Nam
1873 960 1924 1018 si
1962 969 2166 1019 motus
2208 961 2348 1020 talis

619 1049 684 1108 in
713 1049 929 1109 tellure
969 1070 1179 1110 revera
1212 1051 1376 1122 insit,
1408 1070 1595 1129 quare
1639 1051 2052 1112 dubitabimus
2087 1074 2166 1112 an
2204 1053 2351 1113 insit

619 1143 805 1203 etiam
834 1144 896 1203 in
927 1144 1179 1222 singulis
1209 1145 1484 1222 partibus
1515 1146 1644 1224 ejus
1683 1147 1977 1206 seorsim?
2064 1147 2224 1206 Nam
2254 1159 2349 1208 to-

617 1246 749 1296 tum
779 1249 842 1297 et
870 1247 1071 1317 partes
1102 1237 1373 1316 ejusdem
1404 1248 1546 1298 sunt
1574 1249 1830 1300 naturae.
1891 1240 1956 1299 Si
1977 1260 2117 1318 pars
2146 1242 2347 1321 aliqua

614 1339 796 1390 terrae
825 1331 1359 1410 quantulacunque
1382 1332 1620 1392 sublata
1642 1346 1801 1393 esset
1824 1353 1858 1393 e
1880 1353 2084 1393 rerum
2105 1346 2344 1410 natura,

613 1443 762 1483 num
790 1425 928 1484 ideo
959 1435 1159 1484 motus
1189 1425 1288 1484 ille
1318 1426 1634 1485 tolleretur
1661 1427 1725 1486 in
1753 1437 1928 1506 parte
1957 1427 2233 1506 reliqua?
2280 1430 2346 1490 si

613 1531 963 1598 magnetem
1000 1520 1264 1599 frangaS,
1295 1540 1676 1600 unaquaeque
1716 1541 1857 1600 pars
1897 1523 2027 1600 ejus
2055 1522 2344 1583 virtutem

614 1614 803 1673 totius
832 1615 1138 1685 retinebit,
1169 1635 1513 1694 quanquam
1544 1636 1656 1694 pro
1686 1617 1923 1676 ratione
1969 1618 2351 1696 magnitudi-2

612 1708 707 1767 nis
738 1709 1118 1768 diminutam.
1207 1710 1330 1769 Cur
1359 1730 1506 1790 ergo
1545 1711 1707 1770 idem
1746 1732 1870 1771 non
1910 1712 2018 1771 fiet
2056 1713 2120 1772 in
2158 1713 2350 1791 parti--

612 1803 762 1861 culis
791 1803 1012 1862 terrae?

695 1896 776 1956 A.
824 1897 1234 1976 Supponatur.
1320 1897 1522 1977 Atque
1553 1899 1756 1967 etiam,
1791 1899 1954 1977 quod
1983 1900 2162 1959 simul
2200 1921 2340 1960 cum

609 2011 768 2069 aqua
801 1992 972 2067 (nam
999 1992 1177 2051 video
1214 2012 1336 2069 quo
1377 1993 1601 2069 tendis)
1641 1994 1850 2053 multae
1888 1994 1952 2053 in
1991 1996 2182 2054 nubes
2219 1995 2341 2054 ele-

607 2095 829 2145 vantur
858 2106 894 2145 a
923 2087 1124 2146 calore
1156 2086 1297 2145 solis
1329 2087 1516 2146 atomi
1546 2097 1780 2147 terreae.
1871 2087 2036 2148 Quid
2066 2088 2208 2148 inde
2247 2109 2339 2149 se-

608 2180 815 2258 quitur
838 2180 859 2239 Ρ

693 2273 774 2334 Β.
823 2275 888 2333 Si
917 2275 1107 2334 nubes
1129 2274 1398 2354 gravidae
1420 2274 1759 2353 permultae,
1784 2275 1917 2335 aliae
1941 2277 2337 2337 ascendentes

605 2367 740 2426 aliae
771 2368 1229 2442 descendenteS,
1263 2379 1651 2438 concurrant,
1682 2368 2028 2447 faciantque
2056 2390 2166 2449 per
2196 2391 2335 2430 con-

604 2481 852 2521 cursum
881 2464 1295 2522 concavitates
1324 2463 1533 2541 plenas
1563 2482 1720 2534 aere,
1752 2473 1814 2521 et
1852 2483 2152 2523 concursu
2189 2486 2335 2525 con-

604 2555 842 2615 tinuato
874 2558 1067 2635 spatia
1095 2557 1199 2615 illa
1229 2577 1379 2616 cava
1409 2565 1743 2628 coarctent,
1767 2556 1855 2615 ita
1878 2566 1945 2615 ut
1967 2559 2041 2616 ab
2067 2560 2334 2637 expressi

604 2650 763 2709 aeris
799 2659 968 2709 motu
1007 2652 1113 2710 fiat
1154 2650 1414 2729 glacies:
1468 2668 1714 2708 necesse
1751 2660 1843 2709 est
1880 2660 1948 2709 ut
1987 2653 2174 2710 atomi
2212 2652 2332 2712 illae

606 2753 842 2818 terreae,
864 2765 1000 2823 quae
1029 2765 1250 2823 aquam
1278 2764 1404 2804 non
1433 2752 1558 2803 tam
1586 2743 1763 2803 facile
1787 2756 2130 2822 penetrant,
2151 2747 2332 2806 relin-

603 2849 872 2918 quantur
894 2841 957 2899 in
986 2841 1103 2899 illis
1123 2839 1501 2912 cavitatibus,
1524 2838 1855 2898 minoribus
1879 2840 2126 2899 tandem
2149 2853 2346 2919 quam

603 2954 716 3012 pro
765 2934 1000 2996 ratione
1050 2935 1229 3012 spatii
1279 2933 1445 3012 quod
1494 2933 1736 2992 illarum
1785 2943 1988 2994 motus
2039 2934 2327 3013 postulat.

604 3029 820 3107 Itaque
859 3029 1065 3088 alterae
1103 3030 1168 3088 in
1207 3029 1427 3087 alteras
1473 3027 1834 3106 impingent,
1874 3038 1936 3087 et
1975 3041 2147 3088 motu
2185 3028 2328 3088 inde

601 3131 782 3182 aucto
827 3123 1084 3202 glaciem
1126 3123 1348 3192 subit0,
1390 3122 1572 3181 modo
1614 3122 1714 3181 hic
1752 3122 1934 3181 modo
1982 3123 2126 3196 illic,
2167 3143 2326 3182 rum-

599 3228 768 3297 pent,
801 3226 864 3275 et
894 3237 1024 3277 sese
1053 3217 1418 3290 liberabunt,
1445 3217 1716 3276 tonitrua
1745 3226 1807 3275 et
1834 3216 2078 3295 fulgura
2099 3217 2327 3277 facien-

597 3321 692 3371 tes
713 3330 825 3390 pro
847 3330 1099 3371 numero
1120 3331 1430 3370 carcerum
1452 3311 1859 3369 effractorum.
1919 3311 2146 3390 Fulgur
2164 3312 2324 3371 enim

597 3406 920 3485 phantasia
948 3416 1040 3464 est
1062 3407 1137 3464 ab
1169 3406 1411 3465 actione
1437 3406 1593 3464 aeris
1623 3405 1687 3463 in
1718 3405 1976 3464 oculum.

681 3498 758 3559 A.
807 3501 979 3578 Saepe
1015 3500 1198 3558 etiam
1229 3519 1444 3559 sereno
1475 3499 1627 3559 coelo
1667 3519 1781 3559 nec
1823 3509 2077 3559 tonante
2114 3498 2322 3578 fulgur

599 3595 743 3669 vidi,
773 3596 1111 3675 praesertim
1140 3614 1408 3673 vespere.
