2462 4120
494 357 1205 401 PROPORTIONAMBUS
1240 359 1316 400 IN
1353 360 1654 403 GENERE.
1828 346 1949 412 477

215 495 599 555 describatur
644 496 1012 575 quadratum
1043 499 1252 579 DFrg.
1338 500 1473 560 Erit
1511 510 1714 561 autem
1760 521 1951 580 punc-
2008 520 2282 554 APPENmX·

215 599 350 649 tum
379 610 414 648 r
442 590 506 649 in
537 590 846 669 diagonali
876 592 1005 651 DB.
2020 578 2256 605 '‘V-d

299 685 698 744 Describatur
749 686 1115 765 quadratum
1146 687 1373 767 Dqu,
1406 697 1469 746 et
1513 689 1628 748 erit
1657 699 1955 768 punctum

204 799 258 860 p
289 779 351 838 in
382 779 596 838 eadem
627 780 934 858 diagonali
963 781 1095 840 DB.

300 873 701 934 Describatur
725 875 1091 953 quadratum
1112 874 1291 934 DElel
1306 897 1330 942 ,·
1361 875 1532 953 cujus
1561 877 1742 936 etiam
1766 899 1956 956 punc-

216 978 349 1028 tum
380 968 419 1028 k
449 969 567 1028 erit
612 969 676 1028 in
716 970 930 1029 eadem
983 971 1290 1049 diagonali
1323 970 1455 1029 DB.
1545 972 1724 1030 Secet
1754 982 1958 1032 autem

217 1062 281 1123 lle
309 1063 610 1142 producta
655 1064 815 1124 latus
847 1063 950 1126 BC
981 1065 1044 1124 in
1073 1086 1130 1137 n,
1180 1074 1243 1123 et
1290 1074 1523 1124 rectam
1565 1065 1672 1145 Xp
1702 1067 1960 1144 produc-

215 1169 345 1218 tam
373 1159 438 1218 in
469 1180 506 1218 u
540 1169 600 1218 et
628 1169 862 1220 rectam
896 1162 976 1220 Fr
1003 1159 1368 1239 productam
1398 1160 1463 1218 in
1494 1179 1544 1218 8.

303 1253 700 1312 Describatur
772 1255 1033 1334 denique
1092 1254 1460 1334 quadratum
1519 1255 1735 1326 DMih,
1788 1257 1960 1334 cujus

215 1357 517 1426 punctum
549 1347 572 1406 i
602 1348 719 1407 erit
748 1348 813 1407 in
843 1349 1056 1407 eadem
1089 1349 1396 1427 diagonali
1427 1347 1539 1408 DB
1568 1375 1582 1417 ;
1630 1350 1803 1427 cujus
1830 1350 1961 1428 qui-

219 1442 360 1502 dem
388 1443 549 1502 latus
582 1442 647 1501 hi
675 1444 1043 1522 productum
1092 1453 1259 1503 secet
1290 1443 1353 1502 ln
1384 1444 1446 1502 in
1477 1464 1532 1516 ο,
1566 1453 1627 1503 et
1657 1443 1770 1502 AB
1800 1445 1865 1503 in
1896 1452 1920 1502 t
1938 1467 1960 1512 ,-

217 1537 378 1597 latus
410 1548 616 1597 autem
647 1538 741 1597 Mi
771 1539 1141 1617 productum
1172 1549 1336 1598 secet
1366 1537 1468 1599 BC
1499 1539 1562 1597 in
1592 1559 1665 1598 m.

303 1634 638 1693 Ostensum
684 1644 890 1693 autem
935 1645 1031 1693 est
1076 1643 1200 1693 tres
1246 1643 1446 1693 rectas
1476 1633 1627 1706 DM,
1659 1634 1799 1705 DX,
1831 1633 1963 1704 DV,

219 1728 286 1788 id
333 1737 425 1787 est
465 1728 579 1801 Mi,
627 1749 732 1808 qp,
774 1748 862 1808 gr
904 1748 1033 1788 6556
1085 1730 1375 1788 continue
1432 1727 1964 1807 proportionales;

219 1824 370 1883 item
413 1823 560 1895 OM,
599 1823 731 1893 DV,
776 1823 840 1882 id
889 1832 981 1882 est
1026 1823 1173 1897 ΟΜ,
1220 1823 1330 1902 gA
1376 1843 1507 1882 6556
1558 1823 1858 1902 aequales3
1906 1830 1968 1881 et

219 1917 496 1997 proinde,
530 1917 781 1996 dempta
821 1918 1132 1976 communi
1172 1918 1314 1998 gM,
1365 1918 1628 1996 aequales
1674 1937 1803 1977 6556
1841 1918 1966 1977 AM

221 2022 286 2072 et
315 2012 436 2092 og,
468 2011 532 2070 id
562 2023 673 2084 est,
722 2011 792 2083 ti,
822 2012 919 2071 vel
953 2012 1051 2083 im,
1092 2012 1189 2070 vel
1219 2013 1336 2084 FE,
1369 2022 1431 2071 et
1469 2022 1795 2091 propterea
1835 2032 1968 2071 rec-

222 2116 349 2167 tam
375 2107 498 2188 gM
524 2107 821 2184 aequalem
853 2126 983 2165 esse
1014 2106 1137 2176 EC,
1168 2106 1262 2165 vel
1288 2106 1385 2178 lm,
1417 2107 1515 2165 vel
1544 2126 1629 2164 οε.

310 2202 620 2263 Quoniam
655 2203 783 2280 jam
816 2201 880 2260 lle
912 2201 1112 2260 media
1164 2211 1258 2260 est
1302 2201 1773 2280 proportionalis
1810 2201 1971 2260 inter

224 2296 287 2357 ln
316 2309 378 2356 et
426 2296 501 2369 ls,
546 2306 727 2356 erunt
772 2305 898 2355 tres
948 2305 1132 2355 rectae
1165 2295 1239 2367 ls,
1286 2295 1366 2367 lh,
1401 2295 1463 2354 ln
1495 2297 1783 2355 continue
1831 2316 1971 2374 pro-

225 2390 617 2472 portionales.
705 2391 906 2449 Erunt
949 2391 1099 2450 item
1131 2409 1238 2470 gr,
1270 2411 1377 2470 qp,
1411 2391 1523 2463 Mz',
1555 2390 1620 2449 id
1659 2399 1751 2449 est
1782 2390 1856 2463 ls,
1891 2390 1971 2463 lu,

228 2486 288 2546 lo
319 2486 609 2546 continue
651 2485 1160 2563 proportionalcS.
1249 2486 1360 2544 Est
1410 2494 1616 2544 autem
1655 2485 1973 2564 utriusque

229 2580 588 2658 analogismi
619 2580 833 2638 eadem
863 2579 1234 2640 antecedens
1259 2580 1334 2640 ls.
1406 2581 1612 2641 Quare
1643 2580 1778 2659 (per
1799 2601 1969 2658 prop.

230 2680 330 2743 28,
360 2673 551 2733 Elem.
581 2673 709 2746 xiv)
745 2674 903 2733 ratio
936 2674 999 2733 ln
1030 2674 1111 2733 ad
1141 2673 1201 2733 lo
1233 2674 1543 2752 duplicata
1573 2675 1690 2732 erit
1719 2675 1972 2734 rationis

231 2766 297 2828 lk
325 2767 405 2826 ad
434 2766 516 2827 lu.
607 2768 728 2827 Sed
757 2778 826 2827 ut
858 2768 922 2827 lle
952 2769 1032 2828 ad
1061 2767 1141 2838 lu,
1173 2769 1261 2828 ita
1284 2781 1376 2828 est
1407 2769 1502 2828 Mi
1533 2769 1612 2828 ad
1638 2768 1718 2827 lle.

315 2861 498 2921 Ratio
529 2881 674 2940 ergo
709 2861 773 2921 ln
803 2863 881 2922 ad
909 2860 968 2921 lo
993 2862 1306 2942 duplicata
1336 2873 1429 2923 est
1458 2864 1715 2923 rationis
1746 2862 1823 2936 lo,
1849 2863 1973 2922 sive

231 2955 347 3029 Mi,
378 2956 458 3015 ad
488 2955 568 3015 lle.

321 3051 444 3111 Sed
492 3051 652 3110 ratio
706 3051 989 3129 quadrati
1028 3052 1225 3112 th'M
1267 3052 1347 3111 ad
1387 3052 1755 3131 quadratum
1799 3050 1976 3110 DEkl

232 3145 546 3225 duplicata
575 3154 668 3205 est
697 3145 951 3205 rationis
981 3147 1093 3217 Mi,
1125 3147 1190 3206 id
1220 3157 1312 3207 cst
1343 3147 1423 3218 lo,
1449 3147 1528 3206 ad
1559 3146 1642 3206 lle.

319 3240 384 3300 Si
430 3260 578 3319 ergo
630 3241 996 3319 quadratum
1043 3242 1240 3301 DlziM
1286 3242 1664 3321 intelligatur
1720 3238 1968 3296 ductum

231 3335 821 3416 perpendiculariter
867 3337 933 3396 in
978 3358 1156 3396 suum
1190 3337 1350 3396 latus
1383 3337 1497 3408 Mi,
1528 3336 1675 3394 item
1713 3334 1971 3411 quadra-

234 3439 368 3490 tum
397 3429 578 3489 DEkl
610 3431 1198 3510 perpendiculariter
1226 3432 1291 3489 in
1321 3441 1554 3490 rectam
1584 3428 1647 3487 ln
1676 3426 1971 3503 aequalem

234 3523 412 3584 lateri
441 3525 574 3598 AD,
604 3526 756 3585 fient
786 3525 907 3585 duo
937 3525 1437 3605 parallelipipeda
1484 3542 1741 3601 quorum
1780 3521 1973 3580 latera
