2462 4120
662 380 1130 424 PROBLEMATA
1162 382 1484 426 PHYSICA.
1820 375 1939 428 339

202 532 314 583 tua
355 521 431 582 de
476 529 648 580 motu
690 520 796 580 illo
837 519 1259 599 reciprocante
1298 522 1567 599 partium
1611 523 1941 584 minutissi-
2033 546 2145 579 CAP.
2172 549 2219 580 v.

203 635 440 677 marum
468 615 532 674 in
563 614 750 687 duriS,
781 614 961 692 plane
994 613 1234 673 videtur
1262 615 1414 674 mihi
1445 615 1881 679 demonstrata.
2011 604 2249 688 W

283 712 397 771 Est
425 710 580 770 etin
611 710 872 788 speculis
902 710 1114 770 vitreis
1164 710 1358 789 (quod
1401 712 1622 790 saepius
1667 713 1940 773 animad-
2049 707 2213 746 ⁶⁸¹¹¹⁰¹¹³·

199 805 382 882 verti)
427 824 502 864 ex
553 825 673 884 quo
728 805 1067 884 suppositio
1112 805 1328 865 eadem
1371 825 1497 866 non
1533 827 1750 884 parum
1796 830 1940 869 con-

198 901 515 960 firmatur:
560 900 869 974 nimirum,
914 901 1111 961 inesse
1155 901 1219 960 in
1270 901 1432 962 vitro
1484 911 1720 964 motum
1770 905 1940 965 illum

198 1014 378 1076 quem
411 995 562 1056 dicis
593 1007 882 1057 conatum
911 997 1180 1076 partium
1211 997 1612 1059 internarum.

278 1951 428 2010 Esto
475 1950 639 2010 enim
685 1951 998 2030 speculum
1041 1951 1307 2011 vitreum
1358 1951 1477 2011 AB
1504 1974 1517 2009 ε
1580 1950 1779 2028 sitque
1832 1949 1938 2008 ob-

189 2046 426 2126 jectum
456 2046 520 2106 in
545 2045 613 2121 C,
640 2046 894 2106 candela
919 2070 932 2105 ε
980 2047 1189 2106 oculus
1221 2046 1299 2106 ad
1318 2046 1392 2106 D.
1481 2046 1622 2106 Jam
1652 2066 1688 2105 a
1717 2043 1942 2104 refrac-

194 2141 463 2202 tionibus
521 2150 582 2201 et
638 2142 1092 2201 reflectionibus
1150 2141 1426 2221 pluribus
1485 2140 1566 2200 ad
1613 2151 1938 2217 utramque

193 2237 596 2316 superficiem,
634 2237 711 2311 (si
740 2237 939 2316 prima
968 2236 1307 2296 incidentia
1346 2236 1494 2296 satis
1527 2236 1607 2295 sit
1637 2235 1934 2313 obliqua),

193 2331 416 2392 multas
445 2332 624 2391 simul
652 2332 886 2391 videbis
919 2331 1191 2391 candelae
1219 2331 1537 2410 imagineS,
1567 2339 1639 2390 ut
1668 2331 1739 2404 Ε,
1772 2331 1837 2403 F,
1865 2329 1936 2402 G,

194 2427 409 2488 ordine
437 2435 508 2486 ut
527 2427 628 2486 hic
656 2426 1105 2486 describuntur.
1169 2426 1477 2486 Caeterum
1508 2425 1557 2485 si
1581 2425 1827 2485 oculum
1857 2424 1939 2484 ad

197 2521 265 2594 C,
299 2521 615 2581 candelam
644 2522 723 2581 ad
753 2523 808 2582 D
841 2522 1193 2596 transferaS‚
1226 2522 1609 2601 apparebunt
1639 2520 1935 2598 imagines

193 2615 314 2676 illae
372 2616 584 2676 ordine
641 2637 765 2677 non
822 2617 1040 2678 eodem
1095 2638 1216 2698 quo
1269 2628 1413 2677 ante
1444 2626 1638 2676 erant.
1751 2615 1936 2676 Quod

194 2717 401 2769 tamen
457 2711 836 2772 manifestius
894 2721 1320 2792 cognoscetur,
1380 2712 1431 2772 si
1489 2711 1804 2791 speculum
1855 2711 1935 2770 sit

194 2803 551 2878 coloratum,
579 2815 652 2864 ut
681 2807 935 2867 rubrum
963 2808 1061 2867 vel
1092 2808 1440 2868 caeruleum.
1531 2807 1652 2866 Sed
1684 2825 1930 2866 causam

194 2898 324 2976 ejus
346 2898 574 2957 nullam
597 2899 918 2979 imaginari
947 2903 1120 2981 potui
1144 2912 1286 2963 ante
1314 2903 1479 2962 hunc
1504 2901 1684 2961 diem.
1748 2901 1931 2959 Nunc

193 3002 400 3051 autem
428 2993 562 3051 fieri
591 3014 767 3072 posse
797 3007 947 3074 puto
978 3018 1016 3056 a
1044 3007 1273 3057 conatu
1313 2998 1418 3056 illo
1459 3016 1569 3075 per
1611 2994 1734 3068 fila,
1766 3004 1837 3053 ut
1867 2995 1931 3053 in

191 3085 380 3164 ligne.
469 3085 670 3147 Quem
701 3099 989 3149 conatum
1028 3092 1344 3171 acquirere
1373 3091 1579 3170 potuit
1608 3090 1834 3148 vitrum
1865 3089 1930 3146 in

192 3178 432 3239 fusione
461 3191 523 3240 et
550 3180 1032 3259 refrigeratione,
1063 3205 1173 3264 per
1203 3206 1338 3246 eam
1366 3187 1527 3246 viam
1558 3204 1680 3262 qua
1701 3184 1928 3242 vitrum

195 3273 464 3334 candens
491 3274 882 3335 fundebatur.

276 3367 359 3427 B.
406 3368 750 3447 Corporum
798 3370 1087 3432 durorum
1136 3374 1416 3452 plurimae
1475 3372 1706 3453 species
1764 3378 1925 3438 sunt,

193 3462 460 3535 metalla,
492 3462 725 3541 lapides
756 3474 895 3538 etc„
928 3485 1064 3544 quae
1092 3467 1157 3527 in
1185 3468 1517 3527 visceribus
1560 3476 1740 3525 terrae
1784 3471 1927 3522 sunt

194 3565 257 3615 et
307 3556 558 3616 fuerunt
608 3577 645 3617 a
692 3559 1000 3619 creatione
1042 3562 1346 3621 universi:
1393 3571 1456 3620 et
1498 3569 1815 3639 praeterea,
1853 3556 1925 3614 li-

1640 3672 1675 3710 z
1706 3672 1728 3706 2
