2462 4120
560 367 637 418 26
916 378 1360 423 EXAMINATIO
1394 381 1478 422 ET
1512 381 1921 424 EMENDATIO

246 533 494 567 DIALOGUS
639 514 720 573 B.
768 514 933 575 Quid
961 516 1111 576 illud
1140 527 1248 590 est,
1277 520 1579 598 praefinito
1610 520 1776 598 loqui
1804 522 1825 578 ‘2

352 602 384 633 ¹·
476 660 482 669 ,
639 608 698 667 Α
707 654 720 667 .
766 609 1072 671 Praefinito
1091 613 1275 691 loqui,
1298 623 1390 673 est
1412 614 1723 673 vocabulis
1741 614 1833 673 uti
1851 614 2277 694 praedefinitis,

553 703 892 780 praesertim
947 705 1064 765 illis
1123 727 1196 766 ex
1251 708 1467 785 quibus
1526 716 1807 767 constare
1864 708 2087 768 debent
2137 729 2280 768 con-

555 796 856 858 clusiones
900 798 1406 861 demonstrandae.
1496 802 1653 861 Sunt
1691 802 1852 862 enim
1896 802 2279 864 definitiones

552 891 853 970 principia
882 894 1289 964 scientiarum,
1312 896 1437 954 sive
1466 896 1913 974 propositiones
1943 896 2004 955 in
2036 896 2282 956 demon-

555 986 847 1046 stratione
878 989 1149 1047 omnium
1178 990 1429 1067 primae3
1476 1009 1614 1067 quae
1653 990 1770 1048 nisi
1808 999 2108 1050 accuratae
2138 991 2278 1064 sint,

554 1100 690 1160 quae
721 1090 1069 1160 sequuturae
1099 1093 1241 1141 sunt
1271 1102 1480 1142 omnes
1516 1083 1767 1142 incertae
1799 1092 1995 1143 erunt.
2082 1084 2279 1144 Accu-

552 1185 684 1234 rate
714 1185 918 1234 autem
949 1176 1219 1250 definire,
1251 1176 1553 1255 dependet
1592 1177 1666 1235 ab
1697 1176 2012 1235 intellectu
2038 1197 2277 1252 vocum,

552 1269 627 1328 ab
686 1269 1109 1329 observatione
1169 1271 1471 1349 quomodo
1539 1270 2013 1348 significationes
2071 1290 2279 1331 earum

550 1384 661 1442 pro
693 1364 1043 1424 diversitate
1068 1366 1661 1425 circumstantiarum
1689 1364 2021 1437 variantur,
2043 1374 2105 1423 et
2134 1366 2281 1443 quid

553 1459 633 1518 sit
691 1459 855 1537 quod
905 1459 969 1518 in
1033 1461 1200 1519 omni
1255 1460 1357 1519 illa
1416 1459 1931 1538 significationum
1987 1459 2280 1519 varietate

552 1561 646 1611 est
670 1573 1027 1622 commune;
1057 1574 1200 1612 nam
1229 1554 1291 1613 id
1322 1554 1485 1632 quod
1513 1574 1623 1632 per
1639 1553 2004 1613 vocabulum
2033 1553 2281 1633 aliquod

548 1646 772 1726 ubique
800 1648 1178 1726 intelligitur,
1208 1648 1358 1706 illud
1397 1657 1489 1707 est
1527 1647 1892 1726 significatio
1933 1648 2061 1725 ejus
2100 1668 2279 1708 accu-

548 1750 701 1801 rata.
808 1742 993 1803 Quod
1044 1743 1094 1802 si
1144 1742 1551 1802 necessarium
1600 1741 1927 1820 aliquando
1974 1741 2158 1801 fuerit
2207 1752 2279 1801 ut

548 1835 843 1895 vocabulo
872 1844 1116 1895 utamur
1145 1855 1325 1908 novo,
1355 1835 1532 1895 facile
1572 1843 1664 1894 est
1714 1835 1865 1894 illud
1910 1834 2182 1910 definire,
2212 1836 2279 1896 id

549 1938 660 2003 est,
694 1929 839 2008 quid
868 1950 979 1990 nos
1009 1931 1193 1990 verbo
1238 1939 1448 1990 nostro
1495 1929 1756 2007 intelligi
1784 1929 2063 1989 volumus
2092 1930 2279 2008 expli-

550 2043 706 2084 care.
782 2025 996 2103 Itaque
1025 2025 1142 2084 hoc
1171 2034 1334 2084 recte
1357 2025 1557 2084 facere
1586 2033 1729 2083 ante
1753 2042 1962 2083 omnes
1993 2024 2278 2084 scientias

552 2117 910 2178 discendum
940 2128 1049 2179 est.
1135 2120 1215 2178 Et
1266 2119 1397 2179 haec
1444 2118 1689 2198 quidem
1731 2118 1855 2177 sive
1894 2118 2115 2196 peritia
2153 2119 2278 2178 sive

550 2213 877 2291 prudentia
926 2222 1091 2273 recte
1142 2213 1490 2284 definiendi,
1534 2234 1669 2291 quae
1715 2212 2051 2290 acquiritur
2096 2233 2277 2292 expe-

550 2308 773 2367 rientia
802 2308 964 2368 circa.
991 2309 1314 2368 verborum
1356 2327 1551 2380 usum,
1582 2314 1838 2366 vocatur
1868 2305 2278 2387 Philosophia

549 2400 790 2462 Prima.

632 2486 714 2545 B.
763 2487 1185 2565 Supponamus
1220 2496 1424 2546 autem
1457 2486 1766 2545 hominem
1795 2484 2146 2544 ratiocinari
2174 2504 2275 2544 ac-

551 2589 760 2639 curate
804 2582 932 2660 jam
977 2601 1172 2660 posse.
1261 2581 1485 2641 Quaero
1526 2588 1675 2658 quot
1712 2586 1855 2638 sunt
1893 2578 2182 2651 scientiae,
2213 2587 2276 2638 et

551 2677 855 2754 quomodo
901 2697 1010 2755 per
1060 2677 1444 2736 definitiones
1489 2675 1765 2755 proprias
1821 2674 1956 2734 aliae
2012 2674 2089 2734 ab
2140 2674 2274 2734 aliis

551 2771 1010 2850 distinguuntur
1031 2770 1051 2828 ἒ

630 2863 708 2924 A.
755 2866 895 2925 Una
929 2875 1021 2924 est
1057 2865 1327 2924 omnium
1365 2885 1569 2924 rerum
1614 2862 1869 2923 scientia
1895 2861 2272 2935 universalis,

551 2980 685 3038 quae
731 2945 1069 3038 appellatur
1098 2957 1521 3037 Philosophia,
1574 2977 1756 3037 quam
1803 2956 1888 3015 sic
1943 2954 2274 3014 defini0.·—-

550 3052 954 3132 Philosophia
1009 3060 1104 3111 est
1161 3051 1559 3111 accidentium
1615 3071 1747 3131 quoe
1804 3057 2137 3130 apparent,
2196 3069 2274 3108 ex

548 3146 814 3227 cognitis
845 3165 1049 3205 eornm
1075 3146 1574 3225 generationibus
1591 3168 1615 3213 ;
1657 3153 1719 3204 et
1760 3163 1982 3203 rursus
2020 3163 2097 3202 ex
2126 3162 2273 3223 eog-

547 3240 695 3299 nitis
724 3238 1163 3311 accidentibus,
1178 3238 1642 3318 generationum
1674 3258 1805 3316 quae
1835 3256 1971 3295 esse
1988 3243 2270 3316 possunt,

534 3354 662 3415 per
716 3340 945 3392 rectam
1015 3331 1544 3390 ratiocinationem
1609 3330 1878 3411 cognitio
1944 3328 2270 3408 aequisita.

549 3430 849 3491 Quaerunt
893 3426 1055 3486 enim
1091 3424 1434 3504 philosophi
1472 3444 1680 3483 omnes
1711 3425 1875 3483 circa
1904 3442 2034 3483 rem
2063 3421 2270 3500 cogni-

547 3534 693 3596 tam,
722 3522 819 3583 vel
848 3521 993 3600 quid
1038 3521 1113 3580 ab
1159 3539 1230 3579 ea
1273 3518 1527 3598 produci
1571 3527 1793 3596 potest,
1824 3517 1921 3578 vel
1948 3515 2110 3576 unde
2140 3516 2270 3594 ipsa
