2462 4120
584 354 697 407 130
938 368 1383 412 EXAMINATIO
1420 371 1502 412 ET
1535 372 1946 413 EMENDATIO

259 524 509 556 mALoGus
577 515 724 554 num
771 497 1045 558 continet
1088 500 1447 560 criticismos
1491 521 1671 580 super
1698 503 1947 561 vocibus
1990 501 2155 560 ratio
2200 521 2304 561 ra·-

358 591 430 623 111.

270 647 506 675 s--s—-a

578 589 853 664 tionaliS,
901 603 1046 660 ῥήτον,
1081 605 1267 664 ἄλογον,
1294 605 1503 662 ἄῤῥητον,
1522 610 1632 653 ποιὰ
1661 608 1834 670 σχέσις,
1882 594 2301 675 quantuplum,

577 693 720 744 etc.:
768 705 1026 764 quorum
1073 687 1536 747 criticismorum
1586 689 1819 767 aliquos
1867 690 2139 768 superius
2195 689 2303 748 ab·

578 779 795 838 surdos
839 799 968 839 esse
1015 781 1408 839 ostendimus,
1497 782 1711 859 Itaque
1755 793 1938 860 caput
1973 784 2087 841 hoc
2126 781 2303 840 dimi·
2375 781 2378 784 ’

580 873 790 932 sissem
829 875 975 951 jam,
1006 875 1119 933 nisi
1168 875 1331 950 quod
1375 876 1687 952 praeterire
1729 896 1854 935 non
1888 877 2107 954 placet,
2140 876 2304 954 quod

580 966 730 1025 dicit
758 967 1083 1026 Euclidem
1126 967 1367 1047 quidem
1398 969 1459 1026 in
1489 967 1808 1027 Elementa
1848 969 2076 1028 decimo
2107 970 2302 1029 ratio-

578 1060 754 1119 nales
785 1061 1114 1141 appellare
1145 1061 1361 1134 lineaS,
1393 1083 1528 1140 quoe
1556 1063 1845 1141 potentia
1886 1072 2120 1122 tantum
2164 1071 2303 1122 sunt

579 1153 1143 1213 commensurabiles
1167 1177 1188 1213 .·
1240 1175 1442 1212 verum
1492 1154 1644 1213 alibi
1698 1176 1814 1213 non
1869 1177 2018 1215 raro
2075 1157 2305 1217 obtinet

577 1248 918 1308 rationalia
966 1256 1197 1306 tantum
1254 1268 1330 1306 ea
1380 1247 1525 1321 clici,
1570 1269 1695 1326 quce
1745 1257 1808 1307 et
1850 1262 2080 1324 σύμμετρα
2122 1259 2304 1319 sunt‚·

578 1351 647 1401 ut
683 1341 952 1422 proinde
1001 1341 1086 1399 Sil
1135 1353 1311 1411 ἄλογον
1350 1340 1475 1398 Sive
1517 1354 1729 1414 ἄῤῥηι-ον,
1776 1349 1959 1420 atque
2006 1353 2302 1417 ἀσῦμμετρον.

579 1435 723 1495 Non
753 1435 913 1494 enim
951 1443 1100 1513 puto
1140 1444 1247 1492 aut
1279 1433 1595 1492 Euclidem
1622 1454 1897 1512 usquam,
1929 1443 2033 1494 aut
2061 1455 2306 1513 geome-

578 1540 738 1589 tram
794 1530 979 1587 alium
1038 1547 1477 1606 quemcunque,
1510 1541 1700 1598 ἄρῥητον
1751 1537 1814 1586 et
1862 1539 2145 1602 ἀσύμμετρον
2193 1549 2303 1607 pro

579 1623 793 1682 eodem
822 1641 1158 1699 usurpasse.
1244 1621 1387 1680 Non
1432 1640 1576 1698 ergo
1621 1621 1706 1679 illi
1754 1621 2123 1680 credendum
2153 1642 2301 1695 esse,

578 1717 696 1776 nisi
747 1717 1062 1775 authorem
1109 1725 1170 1774 et
1211 1716 1414 1774 locum
1458 1715 1836 1774 indicaverit.
1926 1716 2079 1776 Quis
2122 1717 2302 1790 enim,

580 1812 683 1890 qui
739 1811 1121 1869 Elementum
1166 1809 1468 1868 decimum
1518 1810 1754 1887 legerit,
1795 1810 1990 1869 nescit
2037 1810 2304 1870 infinitas

577 1924 831 1965 numero
862 1923 992 1962 esse
1018 1903 1387 1981 quantitates
1426 1904 1587 1962 inter
1617 1924 1679 1962 se
1710 1905 2301 1978 commensurabiles,

578 2020 713 2078 quae
741 2009 943 2057 tamen
973 1999 1095 2057 sint
1125 1997 1503 2056 irrationales
1529 2020 1542 2065 3
1578 2007 1902 2076 propterea
1931 1998 2094 2077 quod
2121 2009 2175 2074 τῇ
2197 2015 2304 2074 ῥητῃ

577 2093 897 2154 arbitrarie
976 2101 1234 2170 sumptae
1309 2092 1883 2151 commensurabiles
1949 2111 2072 2151 non
2138 2102 2298 2151 sunt.

577 2189 722 2247 Pars
750 2187 929 2264 hujus
960 2185 1177 2264 capitis
1221 2185 1451 2263 reliqua
1495 2186 1767 2244 continet
1805 2194 2044 2264 partem
2073 2205 2302 2257 eorum,

578 2301 714 2360 quae
764 2281 948 2339 habet
998 2279 1239 2338 Clavius
1291 2279 1370 2338 ad
1418 2279 1602 2338 finem
1644 2280 1946 2339 Elementi
1989 2279 2182 2358 quinti
2227 2279 2303 2338 de

578 2375 1003 2435 distributione
1059 2373 1364 2432 rationum
1417 2374 1481 2431 in
1528 2393 1665 2432 suas
1715 2374 1965 2452 specieS,
2015 2374 2304 2433 nimirum

575 2467 986 2547 multiplicem,
1054 2464 1583 2546 submultiplicem,
1644 2467 2301 2546 superparticularem,

576 2563 1148 2643 superpartientem,
1181 2572 1296 2620 etc.
1385 2561 1702 2620 Praeterire
1748 2571 1954 2619 autem
2002 2581 2126 2620 non
2164 2581 2304 2638 pos-

578 2676 710 2716 sum
754 2658 938 2716 verba
985 2657 1114 2734 ejus
1158 2656 1308 2728 haec,
1339 2654 1431 2713 Et
1461 2653 1704 2734 qui-clem
1754 2654 1904 2732 ipsoe
1936 2654 2304 2732 fractiones

576 2750 736 2811 nihil
760 2750 936 2810 aliud
960 2758 1099 2809 sunt
1123 2771 1304 2829 quam
1332 2750 1626 2821 rationes.
1687 2748 1847 2807 Nolo
1873 2749 2097 2808 diutius
2122 2759 2304 2828 neget

578 2866 642 2906 se
673 2845 1050 2924 quotientem
1081 2844 1283 2903 dicere
1323 2843 1600 2902 divisoris
1645 2862 1772 2914 esse
1802 2842 1879 2902 ad
1911 2843 2302 2904 dividendum

579 2941 896 2999 rationem.
975 2939 1191 3017 Neque
1223 2939 1374 3008 haee,
1397 2936 1755 2997 Fractionis
1790 2937 1998 3018 itaque
2026 2958 2305 2998 numera-

580 3042 679 3092 tor
724 3041 784 3092 et
839 3033 1254 3092 denominator
1296 3031 1563 3113 perinde
1617 3039 1759 3090 sunt
1816 3039 2000 3111 atque
2040 3032 2304 3092 rationis

580 3126 948 3187 antecedens
999 3126 1090 3185 acl
1135 3145 1523 3205 consequens.
1611 3125 1785 3198 Quae,
1817 3126 1931 3184 etsi
1959 3145 2103 3185 vera
2141 3136 2302 3200 sunt,

580 3221 778 3281 verbis
827 3220 986 3279 illius
1023 3221 1326 3298 prioribus
1372 3218 1816 3279 contradicunt.
1904 3220 2120 3298 Neque
2149 3220 2301 3294 haec,

582 3317 739 3376 Sunt
766 3315 921 3374 enim
949 3314 1241 3388 rationes,
1278 3335 1393 3374 non
1435 3314 1628 3374 minus
1657 3334 1840 3393 quam
1869 3315 2120 3388 numeri,
2151 3335 2304 3374 verce

583 3410 976 3490 quantitates,
1063 3409 1224 3468 Nam
1276 3410 1326 3468 si
1373 3409 1741 3487 quantitates
1784 3409 2088 3468 rationum
2133 3408 2303 3468 effari

582 3513 920 3583 cogeretur,
978 3504 1384 3563 necessarium
1435 3523 1564 3563 esse
1612 3502 1848 3563 videret
1901 3522 2013 3581 pro
2065 3503 2302 3562 ratione

581 3598 941 3678 aequalitatis
971 3598 1243 3675 ciphram
1280 3617 1527 3676 ponere,
1558 3597 1622 3656 id
1670 3606 1782 3668 est,
1814 3596 2092 3656 confiteri
2137 3597 2298 3674 quod
