2462 4120
555 327 675 391 378

1037 637 1537 699 DUPLICATIO
1583 638 1797 700 CUBI.

639 961 732 1021 Sit
766 961 854 1035 (in
884 961 987 1040 fig.
1027 959 1084 1038 l)
1121 960 1265 1019 data
1294 959 1425 1032 AV,
1457 967 1624 1019 secta
1651 959 1716 1019 in
1749 958 1826 1032 D,
1856 959 1945 1019 ita
1974 968 2044 1019 ut
2065 960 2178 1020 AD
2205 960 2284 1020 sit

555 1056 739 1134 dupla
767 1056 897 1115 DV.

637 1151 1019 1211 Quadratum
1049 1149 1125 1208 ab
1157 1147 1290 1217 AD,
1313 1147 1544 1224 majore
1574 1156 1910 1224 segmento,
1934 1146 2013 1206 sit
2041 1147 2282 1207 ABCD.

636 1245 730 1304 Sit
763 1254 895 1303 tum
927 1244 1037 1302 BR
1078 1251 1211 1302 tum
1241 1242 1342 1300 AS
1386 1240 1634 1319 aequalis
1679 1240 2138 1319 semidiagonali
2171 1242 2279 1300 ΑΙ.

634 1339 1013 1398 Producatur
1045 1337 1150 1397 CD
1181 1337 1244 1394 in
1276 1336 1341 1407 P,
1374 1335 1460 1394 ita
1488 1343 1559 1394 ut
1601 1334 1708 1397 DP
1745 1335 1825 1394 sit
1868 1334 2118 1414 aequalis
2146 1335 2283 1395 AD.

634 1434 909 1492 Ducatur
940 1432 1039 1490 RS
1072 1441 1134 1490 ct
1163 1429 1558 1509 producatur.

634 1528 769 1586 Fiat
802 1527 899 1586 ΞΥ
930 1526 1179 1604 aequalis
1209 1525 1341 1597 DV,
1374 1532 1435 1583 et
1459 1525 1801 1602 jungantur
1831 1522 1963 1595 RY,
1995 1523 2117 1583 PV.

632 1622 794 1699 Ergo
826 1630 1011 1680 rcctae
1041 1620 1171 1690 RY,
1197 1620 1300 1679 PV
1333 1628 1512 1677 erunt
1545 1617 1850 1696 parallelae
1889 1626 1952 1676 et
1995 1617 2278 1696 aequales,

634 1717 1096 1775 Connectantur
1125 1714 1247 1788 PY,
1277 1712 1392 1772 VR
1421 1732 1631 1771 secans
1660 1711 1770 1771 DC
1798 1712 1863 1770 in
1892 1711 1974 1770 X.

630 1811 792 1888 Ergo
823 1810 943 1883 PY,
973 1810 1088 1868 VR
1117 1816 1260 1868 sunt
1290 1806 1570 1886 aequaleS,
1604 1815 1667 1865 et
1707 1805 1923 1865 PYRV
1949 1805 2277 1884 parallelo-

546 1923 907 1983 grammum.

628 2000 685 2059 A
713 2006 942 2077 puncto
972 1998 1026 2056 V
1057 1997 1137 2056 ad
1169 2005 1404 2056 rectam
1439 1994 1541 2054 PY
1573 1992 1832 2052 ducatur
1871 1992 2278 2072 perpendicu-

546 2093 954 2247 larijstxllziirisa
1003 2185 1106 2246 PV
1147 2184 1428 2244 bifariam
1484 2183 1548 2242 in
1591 2202 1650 2254 a,
1691 2180 1864 2240 radio
1907 2181 2003 2240 aV
2047 2181 2145 2241 vel
2187 2183 2278 2242 aP

547 2282 925 2342 describatur
955 2279 1369 2340 semicirculus
1400 2277 1504 2356 qui
1544 2276 1830 2336 transibit
1873 2295 1984 2354 per
2019 2276 2075 2335 D
2106 2284 2168 2336 et
2205 2276 2274 2335 Z.

627 2378 791 2455 Ergo
822 2376 1030 2455 anguli
1058 2373 1236 2447 YZV,
1268 2373 1433 2432 ZVX
1464 2379 1605 2430 sunt
1632 2370 1806 2429 recti.

627 2471 850 2530 Divisis
881 2471 1010 2543 ΑΒ,
1041 2469 1149 2528 DC
1179 2467 1456 2527 bifariam
1484 2466 1548 2524 in
1577 2466 1627 2524 E
1652 2473 1715 2523 et
1745 2463 1812 2537 F,
1843 2462 2027 2523 ducta
2056 2464 2156 2522 EF
2185 2483 2271 2523 sc-

542 2566 708 2624 cabit
737 2565 848 2624 RY
875 2564 1157 2624 bifariam
1187 2563 1250 2621 in
1256 2562 1330 2641 s

625 2661 903 2719 Ducatur
933 2658 1026 2737 af
1042 2677 1252 2718 secans
1279 2655 1390 2714 YV
1412 2655 1476 2713 in
1506 2654 1575 2726 T,
1609 2662 1672 2712 et
1701 2652 1805 2710 ZV
1833 2652 1898 2710 in
1928 2672 1981 2710 e.

623 2756 788 2833 Ergo
812 2753 914 2833 as
932 2752 1150 2812 dividit
1189 2749 1824 2830 parallelogrammum
1871 2746 2088 2806 PYRV
2115 2745 2272 2804 bifa-

538 2849 711 2922 riam,
744 2857 804 2908 et
849 2857 993 2908 sunt
1031 2856 1154 2907 tres
1199 2854 1385 2904 rectae
1435 2843 1559 2916 PY,
1599 2842 1706 2922 as,
1736 2842 1850 2900 VR
1895 2841 2158 2920 aequales
2207 2850 2273 2900 et

535 2943 861 3022 parallelae.

616 3036 1039 3108 Ducatur'aZ‚
1064 3054 1198 3113 quae
1228 3043 1321 3092 est
1350 3031 1599 3111 aequalis
1631 3030 1755 3090 aV.

618 3132 782 3211 Ergo
809 3131 911 3190 VZ
943 3130 1135 3189 divisa
1164 3137 1258 3188 cst
1285 3127 1567 3187 bifariam
1597 3133 1659 3184 et
1688 3123 1767 3184 ad
1789 3122 2045 3202 angulos
2068 3129 2269 3181 rectos

535 3247 600 3286 m
629 3247 681 3284 e.

620 3320 821 3380 Etiam
850 3319 951 3379 DS
985 3318 1178 3378 divisa
1201 3326 1291 3375 est
1319 3315 1598 3375 bifariam
1626 3314 1692 3372 in
1720 3312 1792 3371 T.

619 3417 784 3493 Ergo
809 3413 1070 3473 circulus
1101 3411 1442 3490 descriptus
1471 3408 1643 3470 radio
1672 3406 1779 3466 TV
1807 3404 1903 3464 vel
1934 3403 2045 3463 TY
2067 3411 2266 3462 trans-

537 3511 650 3570 ibit
678 3529 787 3588 per
815 3509 880 3567 Z.
