2462 4120
805 414 894 456 DE
929 413 1213 456 NATURA
1245 414 1474 457 Aulus,
1894 409 2007 462 251

281 558 453 631 culae,
518 556 696 616 facile
761 555 1152 635 persuadeor.
1284 555 1406 615 Sed
1470 557 1635 635 quod
1685 558 1748 617 in
1814 560 2016 620 medio

281 653 509 713 aethere
567 670 825 723 sursum,
886 649 1189 721 deorsum,
1264 670 1750 728 quaquaversum
1808 663 2013 728 motae,

281 767 395 807 nec
437 765 674 824 semper
704 745 913 805 alterae
949 744 1155 803 alteris
1184 744 1536 818 innitentes,
1568 747 1896 823 gravitent,
1927 749 2019 807 in-

282 841 683 920 conceptibile
729 849 841 900 est.
928 839 1124 918 Ligna
1170 848 1232 898 et
1283 859 1542 918 corpora
1594 850 1817 900 caetera
1861 863 2020 923 aqua

279 937 527 1009 leviora,
559 935 818 1014 ponderi
847 945 1051 994 tamen
1093 934 1282 994 totius
1312 934 1552 994 addunt
1595 935 1845 1013 aliquid,
1878 938 2022 1015 quia

280 1040 611 1110 utrumque
657 1050 879 1110 corpus
924 1050 1110 1110 grave
1153 1038 1265 1090 est.
1354 1031 1441 1089 At
1480 1029 1543 1088 in
1575 1029 1842 1089 aetherea
1881 1033 2022 1090 sub-

284 1126 528 1199 stantia,
572 1146 708 1204 quae
753 1126 957 1204 gravis
1003 1145 1128 1184 non
1173 1133 1283 1197 est,
1335 1123 1453 1183 nisi
1492 1123 1639 1183 dum
1679 1123 2021 1198 subsidunt,

284 1221 591 1300 gravitare
622 1241 746 1280 non
775 1229 1052 1299 possunt.
1143 1218 1468 1280 Quomodo
1499 1218 1681 1291 enim,
1708 1218 1856 1277 dum
1899 1239 2026 1278 non

287 1315 630 1388 subsidunt,
661 1316 710 1375 si
740 1315 1006 1394 gravitas
1054 1322 1309 1374 conatus
1356 1313 1434 1373 sit
1486 1313 1790 1385 deorsum,
1823 1312 2028 1372 dicen-

288 1421 392 1470 tur
435 1411 762 1490 gravitare,
817 1419 924 1469 aut
971 1430 1175 1469 aerem
1234 1408 1636 1488 comprimere
1677 1427 2025 1486 quanquam

287 1505 565 1564 laneum?

371 1600 453 1659 B.
499 1599 787 1678 Indigent
816 1599 949 1659 haec
996 1598 1395 1658 meditatione
1444 1599 1697 1677 majore,
1730 1618 1914 1677 quam
1960 1606 2030 1656 ut

292 1694 492 1754 subito
523 1694 838 1754 assentiar.
895 1694 1124 1753 Verum
1154 1713 1481 1777 pergamus
1511 1693 1590 1752 ad
1609 1692 2031 1772 experimenta

291 1797 519 1863 nostra,
550 1796 620 1847 ut
647 1788 960 1848 videamus
985 1809 1062 1847 an
1089 1808 1288 1847 causae
1319 1807 1530 1847 earum
1568 1787 1745 1847 reddi
1792 1788 2032 1867 possint

290 1903 400 1962 per
424 1883 872 1962 suppositiones
896 1882 1075 1942 tuas?
1161 1883 1241 1942 Et
1269 1883 1467 1961 primo
1490 1922 1573 1930 —

378 1979 458 2038 Α.
506 1979 730 2049 Primo,
778 1979 941 2058 ipsas
981 1978 1095 2037 tibi
1147 1978 1595 2057 suppositiones
1645 1977 1839 2037 debeo
1889 1997 2033 2056 pro-

291 2094 521 2153 ponere
572 2083 651 2147 et,
699 2084 771 2133 ut
828 2094 929 2134 eas
982 2073 1308 2152 intelligas,
1357 2073 1684 2152 explicare.
1772 2072 1955 2132 Nosti
1997 2092 2035 2130 a

296 2168 639 2247 Copernico
713 2167 1131 2227 introductam
1204 2187 1334 2227 esse
1399 2167 1788 2246 hypothesim
1853 2165 2033 2239 hanc,

293 2281 512 2341 nempe
542 2272 769 2323 terram
799 2273 972 2323 motu
1001 2283 1205 2322 annuo
1250 2263 1586 2342 circumagi
1617 2262 1782 2322 circa
1821 2261 2034 2335 solem,

295 2357 382 2416 ita
398 2367 468 2418 ut
486 2358 613 2418 axis
633 2359 762 2438 ejus
788 2378 1025 2437 semper
1049 2358 1165 2417 sibi
1186 2358 1420 2418 feratur
1441 2358 1788 2437 parallele.
1851 2357 2037 2418 Quod

296 2460 501 2512 autem
525 2453 599 2513 de
629 2473 741 2513 axe
773 2453 947 2525 dixit,
970 2473 1183 2513 verum
1207 2473 1449 2532 quoque
1474 2461 1564 2512 est
1601 2452 1676 2512 de
1706 2453 1874 2512 omni
1917 2452 2038 2511 alia

297 2545 460 2607 linea
481 2557 650 2607 recta
678 2548 742 2608 in
774 2568 1028 2627 corpore
1053 2547 1289 2607 telluris
1316 2547 1720 2607 considerata.

382 2641 465 2701 B.
512 2642 651 2702 Scio
682 2643 819 2712 hoc,
850 2652 1033 2721 atque
1069 2642 1465 2722 hypothesim
1515 2642 1683 2701 illam
1729 2660 1842 2721 pro
1891 2658 2036 2700 vera

301 2734 512 2795 haberi
529 2737 712 2797 hodie
735 2758 771 2797 a
796 2737 992 2797 doctis
1022 2737 1150 2797 fere
1174 2737 1477 2797 omnibus,

385 2829 460 2890 A.
506 2832 747 2892 Motum
790 2833 956 2892 hunc
1009 2833 1278 2912 appellat
1331 2833 1616 2893 Hobbius
1666 2829 2037 2892 circularem

305 2923 656 3004 simplicem,
703 2928 845 3006 quia
891 2948 1070 2987 omne
1116 2937 1415 3007 punctum
1462 2939 1664 3001 terrae,
1714 2927 1859 2986 dum
1908 2934 2040 2984 tota

306 3018 454 3078 facit
482 3039 655 3079 suum
680 3021 992 3096 circulum,
1014 3022 1305 3083 describit
1342 3023 1437 3100 (ut
1456 3023 1533 3082 ab
1566 3043 1637 3082 eo
1663 3022 2039 3082 demonstra-

306 3121 439 3171 tum
490 3124 583 3173 est
624 3115 780 3175 libro
829 3136 918 3177 DE
971 3136 1313 3193 CORPORE,
1355 3139 1488 3197 cap.
1521 3119 1585 3178 ii.
1617 3127 1732 3178 art.
1764 3119 1818 3195 l)
1863 3136 2039 3176 suum

310 3226 550 3285 quoque
594 3209 905 3270 circulum.
949 3213 1180 3272 Eodem
1220 3214 1442 3293 capite,
1475 3223 1590 3274 art.
1630 3220 1723 3285 10,
1770 3211 2040 3271 ostendit

309 3320 346 3358 a
390 3311 562 3359 motu
608 3302 888 3363 circulari
938 3307 1212 3386 simplice
1239 3317 1477 3368 motum
1531 3307 1813 3387 generari
1856 3306 2040 3364 etiam

309 3394 673 3455 circularem
729 3398 1079 3478 simplicem.
1205 3404 1423 3483 Itaque
1490 3423 1628 3463 cum
1687 3402 1762 3461 ab
1820 3399 2039 3459 iisdem

311 3489 505 3548 doctis
536 3510 718 3550 causa
745 3502 947 3554 motus
990 3498 1176 3557 annui
1225 3507 1479 3577 putatur
1524 3517 1652 3557 esse
1700 3496 1807 3569 sol,
1856 3494 2039 3553 talem

310 3603 548 3662 quoque
574 3595 808 3645 motum
830 3590 1079 3651 ascribit
1109 3592 1239 3651 soli.
1326 3593 1406 3651 Et
1434 3591 1528 3651 his
1559 3591 1804 3670 quidem
1845 3589 2040 3667 hypo-

309 3679 580 3738 thesibus
603 3700 725 3739 non
755 3681 834 3740 ad
867 3682 1018 3758 haec,
1050 3686 1157 3746 sed
1187 3687 1266 3747 ad
1312 3687 1430 3746 alia
1474 3687 1875 3765 phaenomena
1922 3681 2039 3741 sal-
