2462 4120
517 327 636 390 272
1045 347 1133 387 DE
1169 347 1451 390 NATURA
1482 347 1707 388 AERIS.

521 499 643 537 una
683 499 821 538 cum
860 500 1125 559 appenso
1161 483 1428 562 pondere
1459 482 1786 541 ascendere
1815 503 2006 561 usque
2035 482 2239 561 ad-cy-

515 572 699 631 lindri
730 576 1158 636 summitatem.
1203 578 1239 635 J
1244 597 1339 634 am
1371 577 1421 634 si
1449 576 1617 635 100115
1647 597 1682 635 0
1711 587 1974 635 retracto
2000 585 2240 636 suctore

513 666 762 727 relictus
785 689 1008 729 vacuus
1039 681 1188 742 erat,
1221 670 1523 748 quomodo
1553 691 1811 729 vacuum
1839 671 2008 742 illud,
2037 670 2100 728 id
2125 681 2238 742 est,

513 759 665 819 illud
708 761 879 835 nihil,
925 764 1163 841 pondus
1217 763 1462 822 omnino
1513 763 1754 822 trahere
1800 765 1998 842 potuit
2023 762 2043 822 ?
2131 763 2238 821 Sin

513 853 683 913 100115
706 855 806 914 1110
826 875 963 914 aere
988 865 1116 914 erat
1139 857 1371 934 plenUS,
1398 857 1617 934 quibus
1640 857 1886 916 funibus
1909 857 2234 928 attrahere,

514 949 731 1025 quibus
769 951 940 1009 uncis
981 970 1267 1029 prensare
1313 952 1512 1028 potuit
1555 952 1902 1010 suctorem?
1992 952 2239 1012 Quanta

510 1042 602 1101 vis
634 1042 737 1102 illa
778 1044 1024 1103 elastica
1070 1044 1224 1102 aeris
1274 1046 1512 1103 externi
1564 1055 1714 1117 erat,
1759 1066 1877 1124 qua
1917 1046 2237 1123 plusquam

513 1147 756 1196 centum
784 1139 1074 1197 librarum
1101 1138 1338 1216 pondus
1367 1159 1608 1198 rursum
1637 1141 1700 1198 in
1745 1139 2017 1217 cylindro
2046 1148 2245 1210 aeneo,

511 1244 574 1293 et
603 1236 830 1294 suctori
859 1256 966 1314 per
998 1236 1201 1294 omnia
1230 1247 1461 1314 puncta
1490 1238 1800 1315 contiguo,
1833 1246 2114 1295 coactum
2144 1246 2237 1295 est

510 1330 882 1389 ascendere?
984 1331 1239 1389 Haerent
1287 1331 1386 1390 hic
1431 1332 1644 1390 nostri.
1734 1330 2059 1391 Quomodo
2104 1330 2237 1390 haec

511 1423 794 1501 expedies
824 1423 932 1482 tu?

594 1517 675 1576 A.
721 1518 1018 1597 Expedivi
1048 1529 1208 1579 ante.
1296 1519 1421 1578 Aer
1451 1521 1611 1578 enim
1634 1541 1671 1578 a
1695 1520 2060 1579 retractione
2101 1539 2236 1578 suc-

510 1612 660 1671 toris
690 1622 853 1671 retro
882 1613 1107 1690 pulsus,
1140 1633 1252 1672 nec
1297 1614 1498 1672 locum
1546 1615 1610 1672 in
1638 1615 1865 1673 mundo
1895 1614 1986 1688 (ut
2016 1633 2236 1693 suppo-

508 1706 709 1764 nimus
749 1706 951 1784 pleno)
983 1727 1102 1785 quo
1147 1727 1209 1766 se
1257 1708 1514 1786 recipiat
1542 1708 1876 1780 invenienS,
1908 1708 2025 1766 nisi
2056 1717 2234 1786 quem

507 1800 655 1878 ipse,
689 1821 945 1879 corpora
975 1801 1263 1879 contigua
1293 1803 1414 1860 suis
1445 1802 1591 1860 locis
1629 1801 1878 1880 pellenS,
1910 1802 2025 1860 sibi
2074 1802 2234 1861 face-

507 1904 622 1965 ret,
652 1905 948 1972 perpetua
976 1895 1251 1974 pulsione
1281 1896 1342 1954 in
1369 1895 1708 1975 cylindrum
1726 1896 1973 1955 tandem
1996 1897 2236 1974 cogitur

507 1998 680 2047 tanta
701 1989 1022 2048 velocitate
1053 1990 1215 2048 inter
1245 1990 1505 2069 cylindri
1529 2010 1855 2049 concavam
1879 2000 1939 2049 et
1977 1991 2234 2050 suctoris

509 2103 839 2142 convexam
860 2085 1259 2162 superficiem,
1287 2095 1516 2162 quanta
1535 2084 1900 2162 respondere
1923 2084 2075 2143 solet
2092 2086 2234 2143 viri-

506 2177 619 2235 bus
676 2178 791 2236 illis
849 2179 1084 2256 magnis
1144 2199 1292 2256 quas
1350 2179 1429 2238 ad
1471 2190 1774 2238 suctorem
1823 2179 2235 2238 revellendum

506 2273 877 2330 necessarias
901 2273 1135 2350 experti
1165 2273 1327 2331 estis,
1413 2274 1537 2331 Aer
1567 2283 1770 2331 autem
1800 2273 1899 2331 ille
1931 2293 2050 2350 qua
2071 2273 2234 2332 velo-

507 2366 691 2424 citate
722 2366 1078 2442 ingreditur,
1111 2366 1364 2424 eandem
1403 2367 1709 2443 ingressus
1755 2366 1997 2434 retinet,
2029 2367 2233 2426 simul-

509 2480 625 2538 que
654 2460 845 2519 latera
875 2460 1132 2538 cylindri
1171 2461 1342 2533 aenei,
1373 2460 1433 2518 vi
1476 2460 1725 2519 elastica
1764 2460 2025 2538 praediti,
2056 2461 2233 2520 undi-

509 2574 746 2632 quaque
797 2554 1064 2613 distinet.
1153 2553 1425 2612 Conatur
1476 2573 1620 2631 ergo
1674 2573 1797 2626 aer,
1845 2554 1909 2612 in
1955 2554 2231 2633 cylindro

505 2648 897 2708 vehementer
926 2657 1148 2721 11101115,
1173 2658 1387 2708 contra
1410 2668 1619 2707 omnes
1660 2658 1862 2726 partes
1893 2650 2234 2727 superficiei

507 2743 767 2822 cylindri
790 2763 1070 2803 concavae
1093 2767 1105 2801 :
1138 2743 1360 2802 frustra
1380 2743 1623 2820 quidem
1643 2743 1788 2802 dum
1811 2753 2018 2802 5110101·
2040 2753 2233 2802 retra-

506 2838 673 2897 hitur
708 2861 723 2912 3
768 2839 874 2898 sed
926 2859 1108 2918 quam
1165 2837 1428 2915 primum
1487 2848 1694 2896 suctor
1747 2858 1932 2896 manu
1984 2838 2233 2897 emissus

505 2951 708 2991 aerem
737 2933 1046 3012 impellere
1097 2941 1311 3004 cessat,
1337 2952 1440 2991 aer
1485 2932 1586 2991 ille
1630 2933 1732 3010 qui
1772 2942 1912 2991 ante
1958 2933 2232 2991 incussus

506 3036 657 3097 erat,
681 3012 933 3104 propter
961 3035 1248 3086 conatum
1278 3025 1341 3083 in
1371 3046 1549 3084 omne
1573 3036 1870 3104 punctum
1894 3025 2236 3104 superficiei

506 3119 764 3198 cylindri
782 3120 1038 3179 internae
1069 3129 1132 3178 et
1158 3119 1281 3178 vim
1305 3120 1439 3178 aeris
1471 3119 1780 3178 elasticam
1805 3119 2137 3178 insinuabit
2167 3139 2231 3178 se

504 3213 666 3271 inter
697 3214 940 3272 easdem
970 3213 1315 3292 superficies
1346 3213 1558 3272 eadem
1587 3214 1910 3273 velocitate
1958 3233 2077 3292 qua
2120 3213 2234 3272 im-

504 3307 712 3385 pulsus
741 3307 958 3380 fuerat,
1001 3307 1066 3366 id
1101 3316 1213 3379 est,
1245 3327 1316 3365 ea
1344 3307 1666 3367 velocitate
1717 3328 1853 3386 quae
1905 3307 2234 3386 respondet

503 3401 732 3461 viribus
788 3401 1182 3481 impulsionis
1282 3402 1346 3461 Si
1404 3422 1549 3480 ergo
1600 3411 1773 3461 tanta
1817 3402 2104 3480 ponderis
2141 3401 2231 3459 vis

508 3496 737 3555 suctori
767 3495 1147 3574 appendatur
1190 3504 1418 3572 quanta
1469 3516 1757 3555 manuum
1803 3497 1894 3554 vis
1945 3505 2076 3554 erat
2114 3514 2233 3572 qua

505 3590 950 3681 impellebatur,
970 3589 1259 3649 velocitas
1284 3610 1403 3668 qua
1432 3589 1592 3649 idem
1612 3609 1715 3650 aer
1734 3610 1767 3648 e
1787 3589 2060 3668 cylindro
2086 3588 2229 3657 exit,
