<?xml version="1.0" encoding="UTF-8"?>
<!DOCTYPE html PUBLIC "-//W3C//DTD XHTML 1.0 Transitional//EN"
    "http://www.w3.org/TR/xhtml1/DTD/xhtml1-transitional.dtd">
<html xmlns="http://www.w3.org/1999/xhtml" xml:lang="en" lang="en">
 <head>
  <title>
</title>
<meta http-equiv="Content-Type" content="text/html;charset=utf-8" />
  <meta name='ocr-system' content='tesseract 3.04.00' />
  <meta name='ocr-capabilities' content='ocr_page ocr_carea ocr_par ocr_line ocrx_word'/>
</head>
<body>
  <div class='ocr_page' id='page_1' title='image "./operaphilosophic04hobbuoft_0075.png"; bbox 0 0 2462 4120; ppageno 0'>
   <div class='ocr_carea' id='block_1_1' title="bbox 601 386 1948 439">
    <p class='ocr_par' dir='ltr' id='par_1_1' title="bbox 601 386 1948 439">
     <span class='ocr_line' id='line_1_1' title="bbox 601 386 1948 439; baseline 0.004 -6"><span class='ocrx_word' id='word_1_1' title='bbox 601 391 1124 435; x_wconf 72' lang='lat' dir='ltr'>MATHEMA&#39;MCAE</span> <span class='ocrx_word' id='word_1_2' title='bbox 1161 394 1567 438; x_wconf 79' lang='lat' dir='ltr'>HomERNAE.</span> <span class='ocrx_word' id='word_1_3' title='bbox 1869 386 1948 439; x_wconf 90' lang='lat'>63</span> 
     </span>
    </p>
   </div>
   <div class='ocr_carea' id='block_1_2' title="bbox 210 530 2266 3731">
    <p class='ocr_par' dir='ltr' id='par_1_2' title="bbox 217 530 2266 704">
     <span class='ocr_line' id='line_1_2' title="bbox 219 530 2266 612; baseline -0 -22"><span class='ocrx_word' id='word_1_4' title='bbox 219 539 504 590; x_wconf 85' lang='lat' dir='ltr'>surantur</span> <span class='ocrx_word' id='word_1_5' title='bbox 541 549 579 589; x_wconf 90' lang='lat' dir='ltr'>a</span> <span class='ocrx_word' id='word_1_6' title='bbox 606 530 768 590; x_wconf 88' lang='lat' dir='ltr'>linea</span> <span class='ocrx_word' id='word_1_7' title='bbox 795 538 984 602; x_wconf 88' lang='lat' dir='ltr'>recta,</span> <span class='ocrx_word' id='word_1_8' title='bbox 1030 551 1166 610; x_wconf 86' lang='lat' dir='ltr'>quae</span> <span class='ocrx_word' id='word_1_9' title='bbox 1207 531 1450 591; x_wconf 83' lang='lat' dir='ltr'><strong>ducitur</strong></span> <span class='ocrx_word' id='word_1_10' title='bbox 1485 554 1521 593; x_wconf 88' lang='lat' dir='ltr'>a</span> <span class='ocrx_word' id='word_1_11' title='bbox 1548 543 1776 612; x_wconf 91' lang='lat' dir='ltr'>puncto</span> <span class='ocrx_word' id='word_1_12' title='bbox 1807 556 1952 595; x_wconf 84' lang='lat' dir='ltr'>con·</span> <span class='ocrx_word' id='word_1_13' title='bbox 2015 556 2266 589; x_wconf 72' lang='lat' dir='ltr'>mALoGth</span> 
     </span>
     <span class='ocr_line' id='line_1_3' title="bbox 217 624 2260 704; baseline 0.001 -20"><span class='ocrx_word' id='word_1_14' title='bbox 217 633 416 685; x_wconf 88' lang='lat' dir='ltr'>tactus</span> <span class='ocrx_word' id='word_1_15' title='bbox 445 644 556 703; x_wconf 92' lang='lat' dir='ltr'>per</span> <span class='ocrx_word' id='word_1_16' title='bbox 581 626 898 704; x_wconf 88' lang='lat' dir='ltr'>utriusque</span> <span class='ocrx_word' id='word_1_17' title='bbox 929 625 1502 687; x_wconf 83' lang='lat' dir='ltr'>circumferentiam.</span> <span class='ocrx_word' id='word_1_18' title='bbox 2021 681 2028 692; x_wconf 80' lang='grc'>,</span> <span class='ocrx_word' id='word_1_19' title='bbox 2110 624 2163 656; x_wconf 80' lang='lat'>¹¹·</span> <span class='ocrx_word' id='word_1_20' title='bbox 2252 679 2260 691; x_wconf 85' lang='lat'>,</span> 
     </span>
    </p>

    <p class='ocr_par' dir='ltr' id='par_1_3' title="bbox 217 719 1953 875">
     <span class='ocr_line' id='line_1_4' title="bbox 301 719 1953 800; baseline 0.003 -21"><span class='ocrx_word' id='word_1_21' title='bbox 301 720 384 779; x_wconf 88' lang='lat' dir='ltr'>B.</span> <span class='ocrx_word' id='word_1_22' title='bbox 429 719 904 799; x_wconf 83' lang='lat' dir='ltr'>Intelligendum</span> <span class='ocrx_word' id='word_1_23' title='bbox 950 730 1041 781; x_wconf 89' lang='lat' dir='ltr'>est</span> <span class='ocrx_word' id='word_1_24' title='bbox 1082 721 1202 781; x_wconf 92' lang='lat' dir='ltr'>hoc</span> <span class='ocrx_word' id='word_1_25' title='bbox 1246 720 1322 780; x_wconf 93' lang='lat' dir='ltr'>de</span> <span class='ocrx_word' id='word_1_26' title='bbox 1365 722 1590 800; x_wconf 84' lang='lat' dir='ltr'>angulo</span> <span class='ocrx_word' id='word_1_27' title='bbox 1636 731 1953 784; x_wconf 85' lang='lat' dir='ltr'>contactus</span> 
     </span>
     <span class='ocr_line' id='line_1_5' title="bbox 217 813 718 875; baseline 0.006 -3"><span class='ocrx_word' id='word_1_28' title='bbox 217 813 429 873; x_wconf 91' lang='lat' dir='ltr'>circuli</span> <span class='ocrx_word' id='word_1_29' title='bbox 457 822 718 875; x_wconf 90' lang='lat' dir='ltr'>tantum.</span> 
     </span>
    </p>

    <p class='ocr_par' dir='ltr' id='par_1_4' title="bbox 216 907 1954 1270">
     <span class='ocr_line' id='line_1_6' title="bbox 299 907 1952 991; baseline 0.004 -24"><span class='ocrx_word' id='word_1_30' title='bbox 299 907 382 968; x_wconf 90' lang='lat' dir='ltr'>A.</span> <span class='ocrx_word' id='word_1_31' title='bbox 427 908 560 968; x_wconf 93' lang='lat' dir='ltr'>Imo</span> <span class='ocrx_word' id='word_1_32' title='bbox 582 929 729 969; x_wconf 88' lang='lat' dir='ltr'>vero</span> <span class='ocrx_word' id='word_1_33' title='bbox 755 909 830 969; x_wconf 92' lang='lat' dir='ltr'>de</span> <span class='ocrx_word' id='word_1_34' title='bbox 854 910 1092 989; x_wconf 84' lang='lat' dir='ltr'>angulis</span> <span class='ocrx_word' id='word_1_35' title='bbox 1115 917 1432 970; x_wconf 90' lang='lat' dir='ltr'>contactus</span> <span class='ocrx_word' id='word_1_36' title='bbox 1455 930 1952 991; x_wconf 87' lang='lat' dir='ltr'>quarumcunque</span> 
     </span>
     <span class='ocr_line' id='line_1_7' title="bbox 216 1003 1954 1083; baseline 0.003 -21"><span class='ocrx_word' id='word_1_37' title='bbox 216 1022 561 1078; x_wconf 89' lang='lat' dir='ltr'>curvarum,</span> <span class='ocrx_word' id='word_1_38' title='bbox 614 1003 797 1063; x_wconf 93' lang='lat' dir='ltr'>modo</span> <span class='ocrx_word' id='word_1_39' title='bbox 853 1004 1077 1065; x_wconf 84' lang='lat' dir='ltr'>similes</span> <span class='ocrx_word' id='word_1_40' title='bbox 1130 1004 1289 1073; x_wconf 90' lang='lat' dir='ltr'>sint;</span> <span class='ocrx_word' id='word_1_41' title='bbox 1349 1004 1457 1064; x_wconf 87' lang='lat' dir='ltr'>sed</span> <span class='ocrx_word' id='word_1_42' title='bbox 1515 1005 1759 1083; x_wconf 88' lang='lat' dir='ltr'>quando</span> <span class='ocrx_word' id='word_1_43' title='bbox 1811 1018 1954 1067; x_wconf 88' lang='lat' dir='ltr'>sunt</span> 
     </span>
     <span class='ocr_line' id='line_1_8' title="bbox 217 1096 1954 1178; baseline 0.002 -22"><span class='ocrx_word' id='word_1_44' title='bbox 217 1096 557 1171; x_wconf 82' lang='lat' dir='ltr'>dissimiles,</span> <span class='ocrx_word' id='word_1_45' title='bbox 605 1107 786 1158; x_wconf 90' lang='lat' dir='ltr'>erunt</span> <span class='ocrx_word' id='word_1_46' title='bbox 835 1099 1044 1178; x_wconf 80' lang='lat' dir='ltr'>anguli</span> <span class='ocrx_word' id='word_1_47' title='bbox 1103 1108 1426 1159; x_wconf 87' lang='lat' dir='ltr'>contactus</span> <span class='ocrx_word' id='word_1_48' title='bbox 1474 1118 1685 1158; x_wconf 91' lang='lat' dir='ltr'>eorum</span> <span class='ocrx_word' id='word_1_49' title='bbox 1731 1099 1954 1159; x_wconf 90' lang='lat' dir='ltr'>iterum</span> 
     </span>
     <span class='ocr_line' id='line_1_9' title="bbox 217 1190 731 1270; baseline -0.002 -19"><span class='ocrx_word' id='word_1_50' title='bbox 217 1190 442 1251; x_wconf 88' lang='lat' dir='ltr'>diversi</span> <span class='ocrx_word' id='word_1_51' title='bbox 470 1191 731 1270; x_wconf 86' lang='lat' dir='ltr'>generis.</span> 
     </span>
    </p>

    <p class='ocr_par' dir='ltr' id='par_1_5' title="bbox 217 1284 1956 1460">
     <span class='ocr_line' id='line_1_10' title="bbox 298 1284 1956 1366; baseline 0.004 -24"><span class='ocrx_word' id='word_1_52' title='bbox 298 1284 377 1346; x_wconf 91' lang='lat' dir='ltr'>B.</span> <span class='ocrx_word' id='word_1_53' title='bbox 422 1286 714 1346; x_wconf 91' lang='lat' dir='ltr'>Definitio</span> <span class='ocrx_word' id='word_1_54' title='bbox 758 1305 923 1346; x_wconf 90' lang='lat' dir='ltr'>nona</span> <span class='ocrx_word' id='word_1_55' title='bbox 972 1296 1084 1360; x_wconf 88' lang='lat' dir='ltr'>est,</span> <span class='ocrx_word' id='word_1_56' title='bbox 1139 1285 1504 1347; x_wconf 73' lang='lat' dir='ltr'>rectilineus</span> <span class='ocrx_word' id='word_1_57' title='bbox 1550 1285 1815 1366; x_wconf 75' lang='lat' dir='ltr'>angulus</span> <span class='ocrx_word' id='word_1_58' title='bbox 1861 1297 1956 1348; x_wconf 74' lang='lat' dir='ltr'>est</span> 
     </span>
     <span class='ocr_line' id='line_1_11' title="bbox 217 1381 1951 1460; baseline 0.001 -20"><span class='ocrx_word' id='word_1_59' title='bbox 217 1401 387 1460; x_wconf 81' lang='lat' dir='ltr'>quem</span> <span class='ocrx_word' id='word_1_60' title='bbox 415 1381 722 1442; x_wconf 70' lang='lat' dir='ltr'>continent</span> <span class='ocrx_word' id='word_1_61' title='bbox 751 1381 883 1441; x_wconf 77' lang='lat' dir='ltr'>duoe</span> <span class='ocrx_word' id='word_1_62' title='bbox 910 1390 1112 1442; x_wconf 76' lang='lat' dir='ltr'>rec-tce.</span> <span class='ocrx_word' id='word_1_63' title='bbox 1202 1381 1546 1442; x_wconf 89' lang='lat' dir='ltr'>Probamne</span> <span class='ocrx_word' id='word_1_64' title='bbox 1582 1400 1712 1441; x_wconf 88' lang='lat' dir='ltr'>esse</span> <span class='ocrx_word' id='word_1_65' title='bbox 1740 1384 1951 1460; x_wconf 86' lang='lat' dir='ltr'>putas?</span> 
     </span>
    </p>

    <p class='ocr_par' dir='ltr' id='par_1_6' title="bbox 297 1473 536 1536">
     <span class='ocr_line' id='line_1_12' title="bbox 297 1473 536 1536; baseline 0.013 -3"><span class='ocrx_word' id='word_1_66' title='bbox 297 1473 376 1536; x_wconf 84' lang='lat' dir='ltr'>A.</span> <span class='ocrx_word' id='word_1_67' title='bbox 423 1476 536 1536; x_wconf 83' lang='lat' dir='ltr'>Ita.</span> 
     </span>
    </p>

    <p class='ocr_par' dir='ltr' id='par_1_7' title="bbox 211 1571 1955 2482">
     <span class='ocr_line' id='line_1_13' title="bbox 302 1571 1953 1644; baseline 0.001 -14"><span class='ocrx_word' id='word_1_68' title='bbox 302 1571 382 1630; x_wconf 90' lang='lat' dir='ltr'>B.</span> <span class='ocrx_word' id='word_1_69' title='bbox 430 1572 494 1630; x_wconf 86' lang='lat' dir='ltr'>Si</span> <span class='ocrx_word' id='word_1_70' title='bbox 541 1571 662 1631; x_wconf 90' lang='lat' dir='ltr'>duo</span> <span class='ocrx_word' id='word_1_71' title='bbox 710 1591 888 1631; x_wconf 87' lang='lat' dir='ltr'>arcus</span> <span class='ocrx_word' id='word_1_72' title='bbox 941 1572 1154 1631; x_wconf 92' lang='lat' dir='ltr'>circuli</span> <span class='ocrx_word' id='word_1_73' title='bbox 1205 1592 1268 1632; x_wconf 90' lang='lat' dir='ltr'>se</span> <span class='ocrx_word' id='word_1_74' title='bbox 1320 1581 1533 1632; x_wconf 90' lang='lat' dir='ltr'>mutuo</span> <span class='ocrx_word' id='word_1_75' title='bbox 1584 1581 1810 1644; x_wconf 80' lang='lat' dir='ltr'>secent,</span> <span class='ocrx_word' id='word_1_76' title='bbox 1858 1574 1953 1631; x_wconf 87' lang='lat' dir='ltr'>vel</span> 
     </span>
     <span class='ocr_line' id='line_1_14' title="bbox 216 1667 1953 1747; baseline 0.001 -23"><span class='ocrx_word' id='word_1_77' title='bbox 216 1685 392 1726; x_wconf 89' lang='lat' dir='ltr'>arcus</span> <span class='ocrx_word' id='word_1_78' title='bbox 443 1676 506 1725; x_wconf 92' lang='lat' dir='ltr'>et</span> <span class='ocrx_word' id='word_1_79' title='bbox 553 1676 740 1739; x_wconf 88' lang='lat' dir='ltr'>recta,</span> <span class='ocrx_word' id='word_1_80' title='bbox 790 1668 1049 1745; x_wconf 84' lang='lat' dir='ltr'>angulus</span> <span class='ocrx_word' id='word_1_81' title='bbox 1099 1688 1279 1747; x_wconf 89' lang='lat' dir='ltr'>quem</span> <span class='ocrx_word' id='word_1_82' title='bbox 1323 1667 1559 1727; x_wconf 87' lang='lat' dir='ltr'>faciunt</span> <span class='ocrx_word' id='word_1_83' title='bbox 1602 1667 1953 1726; x_wconf 84' lang='lat' dir='ltr'>rectilineus</span> 
     </span>
     <span class='ocr_line' id='line_1_15' title="bbox 214 1761 1954 1841; baseline 0.001 -22"><span class='ocrx_word' id='word_1_84' title='bbox 214 1779 339 1820; x_wconf 88' lang='lat' dir='ltr'>non</span> <span class='ocrx_word' id='word_1_85' title='bbox 381 1769 492 1834; x_wconf 91' lang='lat' dir='ltr'>est,</span> <span class='ocrx_word' id='word_1_86' title='bbox 537 1779 734 1840; x_wconf 91' lang='lat' dir='ltr'>neque</span> <span class='ocrx_word' id='word_1_87' title='bbox 778 1762 1037 1840; x_wconf 87' lang='lat' dir='ltr'>angulus</span> <span class='ocrx_word' id='word_1_88' title='bbox 1083 1770 1419 1822; x_wconf 73' lang='lat' dir='ltr'>contactus</span> <span class='ocrx_word' id='word_1_89' title='bbox 1511 1761 1724 1824; x_wconf 74' lang='lat' dir='ltr'>Qualis</span> <span class='ocrx_word' id='word_1_90' title='bbox 1766 1762 1954 1841; x_wconf 87' lang='lat' dir='ltr'>igitur</span> 
     </span>
     <span class='ocr_line' id='line_1_16' title="bbox 213 1854 641 1934; baseline 0.005 -21"><span class='ocrx_word' id='word_1_91' title='bbox 213 1862 308 1914; x_wconf 91' lang='lat' dir='ltr'>est</span> <span class='ocrx_word' id='word_1_92' title='bbox 336 1854 595 1934; x_wconf 83' lang='lat' dir='ltr'>angulus</span> <span class='ocrx_word' id='word_1_93' title='bbox 621 1856 641 1915; x_wconf 70' lang='grc' dir='ltr'><strong><em>Ρ</em></strong></span> 
     </span>
     <span class='ocr_line' id='line_1_17' title="bbox 215 1949 1951 2029; baseline 0.001 -21"><span class='ocrx_word' id='word_1_94' title='bbox 215 1968 219 1970; x_wconf 89' lang='grc'><strong><em>·</em></strong></span> <span class='ocrx_word' id='word_1_95' title='bbox 299 1949 381 2008; x_wconf 89' lang='grc' dir='ltr'>Α.</span> <span class='ocrx_word' id='word_1_96' title='bbox 425 1950 535 2009; x_wconf 89' lang='lat' dir='ltr'>Est</span> <span class='ocrx_word' id='word_1_97' title='bbox 586 1949 844 2028; x_wconf 82' lang='lat' dir='ltr'>angulus</span> <span class='ocrx_word' id='word_1_98' title='bbox 891 1950 1250 2029; x_wconf 90' lang='lat' dir='ltr'>simpliciter</span> <span class='ocrx_word' id='word_1_99' title='bbox 1298 1951 1517 2011; x_wconf 66' lang='lat' dir='ltr'>dictus</span> <span class='ocrx_word' id='word_1_100' title='bbox 1606 1951 1751 2011; x_wconf 94' lang='lat' dir='ltr'>Non</span> <span class='ocrx_word' id='word_1_101' title='bbox 1790 1952 1951 2011; x_wconf 91' lang='lat' dir='ltr'>enim</span> 
     </span>
     <span class='ocr_line' id='line_1_18' title="bbox 211 2044 1955 2125; baseline 0.002 -22"><span class='ocrx_word' id='word_1_102' title='bbox 211 2063 250 2103; x_wconf 90' lang='lat' dir='ltr'>a</span> <span class='ocrx_word' id='word_1_103' title='bbox 268 2054 494 2104; x_wconf 90' lang='lat' dir='ltr'>natura</span> <span class='ocrx_word' id='word_1_104' title='bbox 517 2044 816 2104; x_wconf 89' lang='lat' dir='ltr'>linearum</span> <span class='ocrx_word' id='word_1_105' title='bbox 839 2044 1145 2124; x_wconf 88' lang='lat' dir='ltr'>dependet</span> <span class='ocrx_word' id='word_1_106' title='bbox 1174 2055 1398 2106; x_wconf 89' lang='lat' dir='ltr'>natura</span> <span class='ocrx_word' id='word_1_107' title='bbox 1426 2046 1653 2125; x_wconf 83' lang='lat' dir='ltr'>anguli.</span> <span class='ocrx_word' id='word_1_108' title='bbox 1743 2047 1955 2106; x_wconf 85' lang='lat' dir='ltr'>Potest</span> 
     </span>
     <span class='ocr_line' id='line_1_19' title="bbox 212 2138 1953 2220; baseline 0.002 -23"><span class='ocrx_word' id='word_1_109' title='bbox 212 2138 376 2198; x_wconf 88' lang='lat' dir='ltr'>enim</span> <span class='ocrx_word' id='word_1_110' title='bbox 421 2159 459 2198; x_wconf 88' lang='lat' dir='ltr'>a</span> <span class='ocrx_word' id='word_1_111' title='bbox 496 2159 683 2199; x_wconf 89' lang='lat' dir='ltr'>curva</span> <span class='ocrx_word' id='word_1_112' title='bbox 726 2140 887 2199; x_wconf 90' lang='lat' dir='ltr'>linea</span> <span class='ocrx_word' id='word_1_113' title='bbox 929 2141 994 2199; x_wconf 89' lang='lat' dir='ltr'>in</span> <span class='ocrx_word' id='word_1_114' title='bbox 1039 2140 1223 2219; x_wconf 92' lang='lat' dir='ltr'>plano</span> <span class='ocrx_word' id='word_1_115' title='bbox 1258 2143 1504 2220; x_wconf 88' lang='lat' dir='ltr'>jacente</span> <span class='ocrx_word' id='word_1_116' title='bbox 1548 2141 1812 2201; x_wconf 85' lang='lat' dir='ltr'>circulus</span> <span class='ocrx_word' id='word_1_117' title='bbox 1852 2141 1953 2201; x_wconf 90' lang='lat' dir='ltr'>de-</span> 
     </span>
     <span class='ocr_line' id='line_1_20' title="bbox 213 2232 1955 2314; baseline 0.003 -23"><span class='ocrx_word' id='word_1_118' title='bbox 213 2232 414 2302; x_wconf 90' lang='lat' dir='ltr'>scribi,</span> <span class='ocrx_word' id='word_1_119' title='bbox 455 2241 517 2293; x_wconf 89' lang='lat' dir='ltr'>et</span> <span class='ocrx_word' id='word_1_120' title='bbox 546 2254 722 2294; x_wconf 91' lang='lat' dir='ltr'>arcus</span> <span class='ocrx_word' id='word_1_121' title='bbox 749 2234 1127 2314; x_wconf 90' lang='lat' dir='ltr'>interceptus</span> <span class='ocrx_word' id='word_1_122' title='bbox 1168 2236 1332 2295; x_wconf 91' lang='lat' dir='ltr'>idem</span> <span class='ocrx_word' id='word_1_123' title='bbox 1378 2236 1496 2296; x_wconf 92' lang='lat' dir='ltr'>erit</span> <span class='ocrx_word' id='word_1_124' title='bbox 1535 2256 1608 2295; x_wconf 89' lang='lat' dir='ltr'>ac</span> <span class='ocrx_word' id='word_1_125' title='bbox 1639 2237 1691 2295; x_wconf 88' lang='lat' dir='ltr'>si</span> <span class='ocrx_word' id='word_1_126' title='bbox 1720 2257 1758 2296; x_wconf 89' lang='lat' dir='ltr'>a</span> <span class='ocrx_word' id='word_1_127' title='bbox 1785 2245 1955 2296; x_wconf 90' lang='lat' dir='ltr'>recta</span> 
     </span>
     <span class='ocr_line' id='line_1_21' title="bbox 213 2325 1952 2411; baseline 0.003 -26"><span class='ocrx_word' id='word_1_128' title='bbox 213 2325 677 2402; x_wconf 85' lang='lat' dir='ltr'>describeretur,</span> <span class='ocrx_word' id='word_1_129' title='bbox 732 2339 793 2389; x_wconf 89' lang='lat' dir='ltr'>et</span> <span class='ocrx_word' id='word_1_130' title='bbox 838 2329 1096 2408; x_wconf 92' lang='lat' dir='ltr'>proinde</span> <span class='ocrx_word' id='word_1_131' title='bbox 1147 2331 1334 2391; x_wconf 88' lang='lat' dir='ltr'>etiam</span> <span class='ocrx_word' id='word_1_132' title='bbox 1390 2332 1599 2411; x_wconf 84' lang='lat' dir='ltr'>anguli</span> <span class='ocrx_word' id='word_1_133' title='bbox 1645 2331 1952 2410; x_wconf 83' lang='lat' dir='ltr'>quantitas</span> 
     </span>
     <span class='ocr_line' id='line_1_22' title="bbox 212 2420 591 2482; baseline 0.008 -2"><span class='ocrx_word' id='word_1_134' title='bbox 212 2420 424 2481; x_wconf 89' lang='lat' dir='ltr'>eadem</span> <span class='ocrx_word' id='word_1_135' title='bbox 457 2422 591 2482; x_wconf 89' lang='lat' dir='ltr'>erit.</span> 
     </span>
    </p>

    <p class='ocr_par' dir='ltr' id='par_1_8' title="bbox 210 2517 1952 3638">
     <span class='ocr_line' id='line_1_23' title="bbox 294 2517 1952 2600; baseline 0.003 -25"><span class='ocrx_word' id='word_1_136' title='bbox 294 2517 587 2577; x_wconf 89' lang='lat' dir='ltr'>Definitio</span> <span class='ocrx_word' id='word_1_137' title='bbox 632 2518 869 2578; x_wconf 90' lang='lat' dir='ltr'>decima</span> <span class='ocrx_word' id='word_1_138' title='bbox 916 2528 1008 2579; x_wconf 90' lang='lat' dir='ltr'>est</span> <span class='ocrx_word' id='word_1_139' title='bbox 1043 2521 1252 2599; x_wconf 86' lang='lat' dir='ltr'>anguli</span> <span class='ocrx_word' id='word_1_140' title='bbox 1281 2522 1454 2594; x_wconf 91' lang='lat' dir='ltr'>recti,</span> <span class='ocrx_word' id='word_1_141' title='bbox 1498 2530 1560 2580; x_wconf 91' lang='lat' dir='ltr'>et</span> <span class='ocrx_word' id='word_1_142' title='bbox 1598 2531 1784 2581; x_wconf 86' lang='lat' dir='ltr'>rectae</span> <span class='ocrx_word' id='word_1_143' title='bbox 1813 2541 1952 2600; x_wconf 91' lang='lat' dir='ltr'>per-</span> 
     </span>
     <span class='ocr_line' id='line_1_24' title="bbox 210 2611 1951 2695; baseline 0.002 -24"><span class='ocrx_word' id='word_1_144' title='bbox 210 2611 639 2691; x_wconf 84' lang='lat' dir='ltr'>pendiculariS,</span> <span class='ocrx_word' id='word_1_145' title='bbox 662 2631 883 2692; x_wconf 92' lang='lat' dir='ltr'>nempe</span> <span class='ocrx_word' id='word_1_146' title='bbox 911 2613 1044 2673; x_wconf 87' lang='lat' dir='ltr'>haec</span> <span class='ocrx_word' id='word_1_147' title='bbox 1068 2638 1080 2673; x_wconf 91' lang='lat'>:</span> <span class='ocrx_word' id='word_1_148' title='bbox 1123 2635 1257 2674; x_wconf 82' lang='lat' dir='ltr'>eum</span> <span class='ocrx_word' id='word_1_149' title='bbox 1286 2623 1461 2674; x_wconf 75' lang='lat' dir='ltr'>reeta</span> <span class='ocrx_word' id='word_1_150' title='bbox 1501 2634 1691 2695; x_wconf 76' lang='lat' dir='ltr'>snper</span> <span class='ocrx_word' id='word_1_151' title='bbox 1719 2623 1951 2674; x_wconf 78' lang='lat' dir='ltr'>rectam</span> 
     </span>
     <span class='ocr_line' id='line_1_25' title="bbox 212 2706 1951 2790; baseline 0.001 -24"><span class='ocrx_word' id='word_1_152' title='bbox 212 2706 574 2781; x_wconf 71' lang='lat' dir='ltr'>consistenS,</span> <span class='ocrx_word' id='word_1_153' title='bbox 615 2707 883 2789; x_wconf 70' lang='lat' dir='ltr'>angulos</span> <span class='ocrx_word' id='word_1_154' title='bbox 929 2708 1030 2787; x_wconf 81' lang='lat' dir='ltr'>qui</span> <span class='ocrx_word' id='word_1_155' title='bbox 1059 2718 1200 2769; x_wconf 75' lang='lat' dir='ltr'>sunt</span> <span class='ocrx_word' id='word_1_156' title='bbox 1240 2709 1533 2790; x_wconf 75' lang='lat' dir='ltr'>deinceps</span> <span class='ocrx_word' id='word_1_157' title='bbox 1562 2709 1951 2789; x_wconf 75' lang='lat' dir='ltr'>oeqnalesfe-</span> 
     </span>
     <span class='ocr_line' id='line_1_26' title="bbox 211 2801 1949 2885; baseline 0.002 -26"><span class='ocrx_word' id='word_1_158' title='bbox 211 2801 372 2861; x_wconf 80' lang='lat' dir='ltr'>eerit</span> <span class='ocrx_word' id='word_1_159' title='bbox 388 2823 413 2870; x_wconf 89' lang='lat'><em>;</em></span> <span class='ocrx_word' id='word_1_160' title='bbox 454 2810 665 2862; x_wconf 77' lang='lat' dir='ltr'>rectus</span> <span class='ocrx_word' id='word_1_161' title='bbox 713 2810 809 2861; x_wconf 70' lang='lat' dir='ltr'>est</span> <span class='ocrx_word' id='word_1_162' title='bbox 858 2811 1118 2884; x_wconf 78' lang='lat' dir='ltr'>uterque</span> <span class='ocrx_word' id='word_1_163' title='bbox 1167 2804 1488 2883; x_wconf 73' lang='lat' dir='ltr'>(equalium</span> <span class='ocrx_word' id='word_1_164' title='bbox 1541 2804 1905 2885; x_wconf 79' lang='lat' dir='ltr'>angulorum</span> <span class='ocrx_word' id='word_1_165' title='bbox 1923 2827 1949 2873; x_wconf 77' lang='lat'>,-</span> 
     </span>
     <span class='ocr_line' id='line_1_27' title="bbox 212 2896 1948 2978; baseline 0.001 -24"><span class='ocrx_word' id='word_1_166' title='bbox 212 2903 276 2954; x_wconf 82' lang='lat' dir='ltr'>et</span> <span class='ocrx_word' id='word_1_167' title='bbox 316 2902 505 2955; x_wconf 82' lang='lat' dir='ltr'>reeta·</span> <span class='ocrx_word' id='word_1_168' title='bbox 534 2896 848 2970; x_wconf 76' lang='lat' dir='ltr'>insistenS,</span> <span class='ocrx_word' id='word_1_169' title='bbox 885 2897 1444 2978; x_wconf 70' lang='lat' dir='ltr'>perpendiculari-5·</span> <span class='ocrx_word' id='word_1_170' title='bbox 1490 2898 1724 2958; x_wconf 79' lang='lat' dir='ltr'>dieitur</span> <span class='ocrx_word' id='word_1_171' title='bbox 1772 2897 1948 2956; x_wconf 78' lang='lat' dir='ltr'>Zinece</span> 
     </span>
     <span class='ocr_line' id='line_1_28' title="bbox 214 2989 1948 3070; baseline 0.002 -23"><span class='ocrx_word' id='word_1_172' title='bbox 214 2989 313 3047; x_wconf 83' lang='lat' dir='ltr'>eui</span> <span class='ocrx_word' id='word_1_173' title='bbox 355 2990 610 3050; x_wconf 70' lang='lat' dir='ltr'>insistit.</span> <span class='ocrx_word' id='word_1_174' title='bbox 700 2991 1048 3070; x_wconf 86' lang='lat' dir='ltr'>Sequuntur</span> <span class='ocrx_word' id='word_1_175' title='bbox 1091 2993 1476 3053; x_wconf 89' lang='lat' dir='ltr'>definitiones</span> <span class='ocrx_word' id='word_1_176' title='bbox 1518 2992 1843 3053; x_wconf 88' lang='lat' dir='ltr'>undecima</span> <span class='ocrx_word' id='word_1_177' title='bbox 1886 3000 1948 3051; x_wconf 93' lang='lat' dir='ltr'>et</span> 
     </span>
     <span class='ocr_line' id='line_1_29' title="bbox 213 3082 1945 3164; baseline 0.002 -23"><span class='ocrx_word' id='word_1_178' title='bbox 213 3082 573 3145; x_wconf 89' lang='lat' dir='ltr'>duodecima</span> <span class='ocrx_word' id='word_1_179' title='bbox 617 3086 982 3164; x_wconf 86' lang='lat' dir='ltr'>angulorum</span> <span class='ocrx_word' id='word_1_180' title='bbox 1022 3088 1226 3147; x_wconf 88' lang='lat' dir='ltr'>obtusi</span> <span class='ocrx_word' id='word_1_181' title='bbox 1259 3096 1321 3147; x_wconf 94' lang='lat' dir='ltr'>et</span> <span class='ocrx_word' id='word_1_182' title='bbox 1349 3088 1534 3160; x_wconf 86' lang='lat' dir='ltr'>acuti,</span> <span class='ocrx_word' id='word_1_183' title='bbox 1573 3086 1945 3146; x_wconf 84' lang='lat' dir='ltr'>brevissimae</span> 
     </span>
     <span class='ocr_line' id='line_1_30' title="bbox 211 3177 1944 3260; baseline 0.002 -24"><span class='ocrx_word' id='word_1_184' title='bbox 211 3177 390 3237; x_wconf 89' lang='lat' dir='ltr'>simul</span> <span class='ocrx_word' id='word_1_185' title='bbox 431 3187 493 3238; x_wconf 89' lang='lat' dir='ltr'>et</span> <span class='ocrx_word' id='word_1_186' title='bbox 534 3180 922 3250; x_wconf 83' lang='lat' dir='ltr'>rectissimae3</span> <span class='ocrx_word' id='word_1_187' title='bbox 966 3181 1272 3258; x_wconf 84' lang='lat' dir='ltr'>nimirum,</span> <span class='ocrx_word' id='word_1_188' title='bbox 1319 3190 1492 3241; x_wconf 78' lang='lat' dir='ltr'>recto</span> <span class='ocrx_word' id='word_1_189' title='bbox 1522 3181 1677 3240; x_wconf 76' lang='lat' dir='ltr'>hune</span> <span class='ocrx_word' id='word_1_190' title='bbox 1707 3181 1944 3260; x_wconf 81' lang='lat' dir='ltr'>quidem</span> 
     </span>
     <span class='ocr_line' id='line_1_31' title="bbox 211 3273 1942 3356; baseline -0.001 -24"><span class='ocrx_word' id='word_1_191' title='bbox 211 3273 517 3347; x_wconf 85' lang='lat' dir='ltr'>minorem,</span> <span class='ocrx_word' id='word_1_192' title='bbox 540 3274 707 3334; x_wconf 80' lang='lat' dir='ltr'>illum</span> <span class='ocrx_word' id='word_1_193' title='bbox 731 3285 931 3336; x_wconf 75' lang='lat' dir='ltr'>antem</span> <span class='ocrx_word' id='word_1_194' title='bbox 952 3278 1245 3356; x_wconf 81' lang='lat' dir='ltr'>majorem</span> <span class='ocrx_word' id='word_1_195' title='bbox 1269 3298 1423 3337; x_wconf 73' lang='lat' dir='ltr'>esse.</span> <span class='ocrx_word' id='word_1_196' title='bbox 1478 3277 1707 3335; x_wconf 92' lang='lat' dir='ltr'>Verum</span> <span class='ocrx_word' id='word_1_197' title='bbox 1732 3274 1942 3333; x_wconf 88' lang='lat' dir='ltr'>divisio</span> 
     </span>
     <span class='ocr_line' id='line_1_32' title="bbox 211 3367 1942 3449; baseline -0.001 -22"><span class='ocrx_word' id='word_1_198' title='bbox 211 3368 344 3428; x_wconf 88' lang='lat' dir='ltr'>haec</span> <span class='ocrx_word' id='word_1_199' title='bbox 371 3368 437 3426; x_wconf 92' lang='lat' dir='ltr'>in</span> <span class='ocrx_word' id='word_1_200' title='bbox 466 3367 757 3444; x_wconf 72' lang='lat' dir='ltr'>obtusum,</span> <span class='ocrx_word' id='word_1_201' title='bbox 790 3379 1037 3447; x_wconf 79' lang='lat' dir='ltr'>rectum,</span> <span class='ocrx_word' id='word_1_202' title='bbox 1071 3380 1131 3431; x_wconf 91' lang='lat' dir='ltr'>et</span> <span class='ocrx_word' id='word_1_203' title='bbox 1162 3380 1426 3445; x_wconf 80' lang='lat' dir='ltr'>acutum,</span> <span class='ocrx_word' id='word_1_204' title='bbox 1458 3370 1683 3449; x_wconf 84' lang='lat' dir='ltr'>angulo</span> <span class='ocrx_word' id='word_1_205' title='bbox 1714 3367 1942 3446; x_wconf 89' lang='lat' dir='ltr'>simpli-</span> 
     </span>
     <span class='ocr_line' id='line_1_33' title="bbox 213 3461 1939 3528; baseline -0.001 -7"><span class='ocrx_word' id='word_1_206' title='bbox 213 3462 365 3521; x_wconf 90' lang='lat' dir='ltr'>citer</span> <span class='ocrx_word' id='word_1_207' title='bbox 403 3461 568 3522; x_wconf 92' lang='lat' dir='ltr'>dicto</span> <span class='ocrx_word' id='word_1_208' title='bbox 608 3464 718 3522; x_wconf 90' lang='lat' dir='ltr'>soli</span> <span class='ocrx_word' id='word_1_209' title='bbox 749 3466 1052 3525; x_wconf 89' lang='lat' dir='ltr'>convenit.</span> <span class='ocrx_word' id='word_1_210' title='bbox 1139 3466 1428 3526; x_wconf 87' lang='lat' dir='ltr'>Definitio</span> <span class='ocrx_word' id='word_1_211' title='bbox 1459 3465 1697 3524; x_wconf 88' lang='lat' dir='ltr'>decima</span> <span class='ocrx_word' id='word_1_212' title='bbox 1724 3462 1939 3528; x_wconf 90' lang='lat' dir='ltr'>tertia;</span> 
     </span>
     <span class='ocr_line' id='line_1_34' title="bbox 213 3556 1635 3638; baseline 0 -22"><span class='ocrx_word' id='word_1_213' title='bbox 213 3556 507 3617; x_wconf 71' lang='lat' dir='ltr'>terminus</span> <span class='ocrx_word' id='word_1_214' title='bbox 538 3565 649 3630; x_wconf 75' lang='lat' dir='ltr'>est,</span> <span class='ocrx_word' id='word_1_215' title='bbox 680 3559 849 3637; x_wconf 80' lang='lat' dir='ltr'>quod</span> <span class='ocrx_word' id='word_1_216' title='bbox 872 3559 1137 3638; x_wconf 74' lang='lat' dir='ltr'>alicujus</span> <span class='ocrx_word' id='word_1_217' title='bbox 1166 3568 1496 3619; x_wconf 70' lang='lat' dir='ltr'>extremum</span> <span class='ocrx_word' id='word_1_218' title='bbox 1524 3566 1635 3617; x_wconf 74' lang='lat' dir='ltr'>est.</span> 
     </span>
    </p>

    <p class='ocr_par' dir='ltr' id='par_1_9' title="bbox 295 3648 1943 3731">
     <span class='ocr_line' id='line_1_35' title="bbox 295 3648 1943 3731; baseline -0.001 -24"><span class='ocrx_word' id='word_1_219' title='bbox 295 3648 373 3711; x_wconf 93' lang='lat' dir='ltr'>B.</span> <span class='ocrx_word' id='word_1_220' title='bbox 419 3650 635 3729; x_wconf 91' lang='lat' dir='ltr'>Neque</span> <span class='ocrx_word' id='word_1_221' title='bbox 680 3651 952 3714; x_wconf 89' lang='lat' dir='ltr'>definitio</span> <span class='ocrx_word' id='word_1_222' title='bbox 1001 3664 1094 3714; x_wconf 91' lang='lat' dir='ltr'>est</span> <span class='ocrx_word' id='word_1_223' title='bbox 1137 3655 1289 3727; x_wconf 87' lang='lat' dir='ltr'>haec,</span> <span class='ocrx_word' id='word_1_224' title='bbox 1333 3653 1475 3731; x_wconf 87' lang='lat' dir='ltr'>quia</span> <span class='ocrx_word' id='word_1_225' title='bbox 1519 3672 1635 3711; x_wconf 84' lang='lat' dir='ltr'>vox</span> <span class='ocrx_word' id='word_1_226' title='bbox 1674 3669 1796 3709; x_wconf 89' lang='lat' dir='ltr'>una</span> <span class='ocrx_word' id='word_1_227' title='bbox 1831 3666 1943 3726; x_wconf 90' lang='lat' dir='ltr'>per</span> 
     </span>
    </p>
   </div>
  </div>
 </body>
</html>
