<?xml version="1.0" encoding="UTF-8"?>
<!DOCTYPE html PUBLIC "-//W3C//DTD XHTML 1.0 Transitional//EN"
    "http://www.w3.org/TR/xhtml1/DTD/xhtml1-transitional.dtd">
<html xmlns="http://www.w3.org/1999/xhtml" xml:lang="en" lang="en">
 <head>
  <title>
</title>
<meta http-equiv="Content-Type" content="text/html;charset=utf-8" />
  <meta name='ocr-system' content='tesseract 3.04.00' />
  <meta name='ocr-capabilities' content='ocr_page ocr_carea ocr_par ocr_line ocrx_word'/>
</head>
<body>
  <div class='ocr_page' id='page_1' title='image "./operaphilosophic04hobbuoft_0520.png"; bbox 0 0 2462 4120; ppageno 0'>
   <div class='ocr_carea' id='block_1_1' title="bbox 621 393 1883 463">
    <p class='ocr_par' dir='ltr' id='par_1_1' title="bbox 621 393 1883 463">
     <span class='ocr_line' id='line_1_1' title="bbox 621 393 1883 463; baseline 0.002 -17"><span class='ocrx_word' id='word_1_1' title='bbox 621 393 737 447; x_wconf 88' lang='grc'>508</span> <span class='ocrx_word' id='word_1_2' title='bbox 1074 406 1548 454; x_wconf 81' lang='lat' dir='ltr'><strong>QUADRATURA</strong></span> <span class='ocrx_word' id='word_1_3' title='bbox 1582 408 1883 463; x_wconf 70' lang='lat' dir='ltr'>officum,</span> 
     </span>
    </p>
   </div>
   <div class='ocr_carea' id='block_1_2' title="bbox 279 541 2340 3723">
    <p class='ocr_par' dir='ltr' id='par_1_2' title="bbox 279 541 2336 809">
     <span class='ocr_line' id='line_1_2' title="bbox 279 541 2336 623; baseline 0.003 -25"><span class='ocrx_word' id='word_1_4' title='bbox 279 563 348 598; x_wconf 87' lang='lat' dir='ltr'>AD</span> <span class='ocrx_word' id='word_1_5' title='bbox 374 564 510 597; x_wconf 69' lang='lat' dir='ltr'>mzoP.</span> <span class='ocrx_word' id='word_1_6' title='bbox 538 566 569 598; x_wconf 90' lang='lat'>1.</span> <span class='ocrx_word' id='word_1_7' title='bbox 618 543 842 603; x_wconf 87' lang='lat' dir='ltr'>sectori</span> <span class='ocrx_word' id='word_1_8' title='bbox 890 541 1065 602; x_wconf 88' lang='lat' dir='ltr'><strong>ACL.</strong></span> <span class='ocrx_word' id='word_1_9' title='bbox 1154 544 1762 623; x_wconf 78' lang='lat' dir='ltr'>Reprehendit&#39;quod</span> <span class='ocrx_word' id='word_1_10' title='bbox 1799 565 1921 604; x_wconf 91' lang='lat' dir='ltr'>non</span> <span class='ocrx_word' id='word_1_11' title='bbox 1962 545 2051 604; x_wconf 89' lang='lat' dir='ltr'>sit·</span> <span class='ocrx_word' id='word_1_12' title='bbox 2087 543 2336 604; x_wconf 83' lang='lat' dir='ltr'>demon-</span> 
     </span>
     <span class='ocr_line' id='line_1_3' title="bbox 310 622 2336 717; baseline -0 -20"><span class='ocrx_word' id='word_1_13' title='bbox 310 622 545 649; x_wconf 33' lang='lat' dir='ltr'>*Pd</span> <span class='ocrx_word' id='word_1_14' title='bbox 610 646 892 698; x_wconf 86' lang='lat' dir='ltr'>stratum.</span> <span class='ocrx_word' id='word_1_15' title='bbox 977 637 1107 714; x_wconf 83' lang='lat' dir='ltr'>Ego</span> <span class='ocrx_word' id='word_1_16' title='bbox 1136 657 1280 696; x_wconf 90' lang='lat' dir='ltr'>vero</span> <span class='ocrx_word' id='word_1_17' title='bbox 1312 638 1827 698; x_wconf 82' lang='lat' dir='ltr'>demonstratione</span> <span class='ocrx_word' id='word_1_18' title='bbox 1873 638 2144 717; x_wconf 81' lang='lat' dir='ltr'>indigere</span> <span class='ocrx_word' id='word_1_19' title='bbox 2173 637 2336 717; x_wconf 92' lang='lat' dir='ltr'>apud</span> 
     </span>
     <span class='ocr_line' id='line_1_4' title="bbox 607 729 2223 809; baseline 0.002 -21"><span class='ocrx_word' id='word_1_20' title='bbox 607 730 828 807; x_wconf 68' lang='lat' dir='ltr'>⁴logicae</span> <span class='ocrx_word' id='word_1_21' title='bbox 857 729 1255 807; x_wconf 89' lang='lat' dir='ltr'>peritissimos</span> <span class='ocrx_word' id='word_1_22' title='bbox 1279 751 1402 790; x_wconf 88' lang='lat' dir='ltr'>non</span> <span class='ocrx_word' id='word_1_23' title='bbox 1432 732 1604 809; x_wconf 90' lang='lat' dir='ltr'>potui</span> <span class='ocrx_word' id='word_1_24' title='bbox 1636 732 1903 791; x_wconf 86' lang='lat' dir='ltr'>credere.</span> <span class='ocrx_word' id='word_1_25' title='bbox 2220 787 2223 791; x_wconf 78' lang='grc'><strong><em>,</em></strong></span> 
     </span>
    </p>

    <p class='ocr_par' dir='ltr' id='par_1_3' title="bbox 699 823 2337 904">
     <span class='ocr_line' id='line_1_5' title="bbox 699 823 2337 904; baseline -0.001 -21"><span class='ocrx_word' id='word_1_26' title='bbox 699 823 1000 896; x_wconf 85' lang='lat' dir='ltr'>SecundO,</span> <span class='ocrx_word' id='word_1_27' title='bbox 1031 823 1190 882; x_wconf 69' lang='lat' dir='ltr'>satis</span> <span class='ocrx_word' id='word_1_28' title='bbox 1218 825 1416 902; x_wconf 90' lang='lat' dir='ltr'>inquit</span> <span class='ocrx_word' id='word_1_29' title='bbox 1445 834 1541 885; x_wconf 74' lang='lat' dir='ltr'>est</span> <span class='ocrx_word' id='word_1_30' title='bbox 1575 826 1665 885; x_wconf 83' lang='lat' dir='ltr'>ad</span> <span class='ocrx_word' id='word_1_31' title='bbox 1692 824 2162 904; x_wconf 77' lang='lat' dir='ltr'>confutationem</span> <span class='ocrx_word' id='word_1_32' title='bbox 2185 843 2337 903; x_wconf 79' lang='lat' dir='ltr'>pro-</span> 
     </span>
    </p>

    <p class='ocr_par' dir='ltr' id='par_1_4' title="bbox 596 917 2340 3346">
     <span class='ocr_line' id='line_1_6' title="bbox 602 917 2337 998; baseline 0.001 -23"><span class='ocrx_word' id='word_1_33' title='bbox 602 918 943 997; x_wconf 76' lang='lat' dir='ltr'><em>positionis</em></span> <span class='ocrx_word' id='word_1_34' title='bbox 972 938 1116 976; x_wconf 78' lang='lat' dir='ltr'>meoe</span> <span class='ocrx_word' id='word_1_35' title='bbox 1145 918 1540 996; x_wconf 64' lang='lat' dir='ltr'>disjunctivae,</span> <span class='ocrx_word' id='word_1_36' title='bbox 1572 919 1740 998; x_wconf 74' lang='lat' dir='ltr'>quod</span> <span class='ocrx_word' id='word_1_37' title='bbox 1763 940 1878 978; x_wconf 88' lang='lat' dir='ltr'>non</span> <span class='ocrx_word' id='word_1_38' title='bbox 1915 919 1999 978; x_wconf 71' lang='lat' dir='ltr'>sit</span> <span class='ocrx_word' id='word_1_39' title='bbox 2029 939 2069 977; x_wconf 85' lang='lat' dir='ltr'><strong><em>a</em></strong></span> <span class='ocrx_word' id='word_1_40' title='bbox 2102 939 2192 977; x_wconf 83' lang='lat' dir='ltr'>me</span> <span class='ocrx_word' id='word_1_41' title='bbox 2231 917 2337 977; x_wconf 83' lang='lat' dir='ltr'>de-</span> 
     </span>
     <span class='ocr_line' id='line_1_7' title="bbox 616 1011 2337 1092; baseline 0 -23"><span class='ocrx_word' id='word_1_42' title='bbox 616 1019 974 1075; x_wconf 73' lang='lat' dir='ltr'>monstrata.</span> <span class='ocrx_word' id='word_1_43' title='bbox 1063 1012 1208 1071; x_wconf 92' lang='lat' dir='ltr'>Non</span> <span class='ocrx_word' id='word_1_44' title='bbox 1239 1012 1392 1071; x_wconf 85' lang='lat' dir='ltr'>enim</span> <span class='ocrx_word' id='word_1_45' title='bbox 1431 1011 1567 1083; x_wconf 76' lang='lat' dir='ltr'>sibi,</span> <span class='ocrx_word' id='word_1_46' title='bbox 1605 1011 1774 1085; x_wconf 83' lang='lat' dir='ltr'>dicit,</span> <span class='ocrx_word' id='word_1_47' title='bbox 1805 1011 2144 1071; x_wconf 76' lang='lat' dir='ltr'><em>incumbere</em></span> <span class='ocrx_word' id='word_1_48' title='bbox 2179 1032 2337 1092; x_wconf 79' lang='lat' dir='ltr'>pro-</span> 
     </span>
     <span class='ocr_line' id='line_1_8' title="bbox 605 1104 2337 1185; baseline 0.002 -25"><span class='ocrx_word' id='word_1_49' title='bbox 605 1104 767 1164; x_wconf 74' lang='lat' dir='ltr'>bare</span> <span class='ocrx_word' id='word_1_50' title='bbox 792 1105 1043 1183; x_wconf 73' lang='lat' dir='ltr'>falsam</span> <span class='ocrx_word' id='word_1_51' title='bbox 1094 1126 1245 1179; x_wconf 74' lang='lat' dir='ltr'>esse,</span> <span class='ocrx_word' id='word_1_52' title='bbox 1296 1106 1413 1165; x_wconf 75' lang='lat' dir='ltr'>sed</span> <span class='ocrx_word' id='word_1_53' title='bbox 1463 1106 1611 1165; x_wconf 81' lang='lat' dir='ltr'>mihi</span> <span class='ocrx_word' id='word_1_54' title='bbox 1668 1105 2007 1165; x_wconf 81' lang='lat' dir='ltr'><em>incumbere</em></span> <span class='ocrx_word' id='word_1_55' title='bbox 2058 1106 2337 1185; x_wconf 79' lang='lat' dir='ltr'>probare</span> 
     </span>
     <span class='ocr_line' id='line_1_9' title="bbox 612 1199 2336 1277; baseline 0.001 -20"><span class='ocrx_word' id='word_1_56' title='bbox 612 1219 819 1258; x_wconf 79' lang='lat' dir='ltr'>veram</span> <span class='ocrx_word' id='word_1_57' title='bbox 849 1220 997 1259; x_wconf 71' lang='lat' dir='ltr'>esse.</span> <span class='ocrx_word' id='word_1_58' title='bbox 1082 1199 1255 1272; x_wconf 81' lang='lat' dir='ltr'>Vide,</span> <span class='ocrx_word' id='word_1_59' title='bbox 1295 1200 1504 1272; x_wconf 87' lang='lat' dir='ltr'>lector,</span> <span class='ocrx_word' id='word_1_60' title='bbox 1547 1199 1859 1277; x_wconf 85' lang='lat' dir='ltr'>ingenium</span> <span class='ocrx_word' id='word_1_61' title='bbox 1903 1199 2163 1258; x_wconf 87' lang='lat' dir='ltr'>hominis</span> <span class='ocrx_word' id='word_1_62' title='bbox 2208 1220 2336 1259; x_wconf 87' lang='lat' dir='ltr'>ma-</span> 
     </span>
     <span class='ocr_line' id='line_1_10' title="bbox 613 1293 2335 1371; baseline 0.001 -19"><span class='ocrx_word' id='word_1_63' title='bbox 613 1293 945 1366; x_wconf 82' lang='lat' dir='ltr'>thematici,</span> <span class='ocrx_word' id='word_1_64' title='bbox 998 1293 1181 1352; x_wconf 89' lang='lat' dir='ltr'>etiam</span> <span class='ocrx_word' id='word_1_65' title='bbox 1240 1303 1411 1352; x_wconf 87' lang='lat' dir='ltr'>extra</span> <span class='ocrx_word' id='word_1_66' title='bbox 1460 1293 1873 1371; x_wconf 83' lang='lat' dir='ltr'>geometriam.</span> <span class='ocrx_word' id='word_1_67' title='bbox 1960 1293 2194 1358; x_wconf 90' lang='lat' dir='ltr'>Mihine</span> <span class='ocrx_word' id='word_1_68' title='bbox 2243 1293 2335 1353; x_wconf 91' lang='lat' dir='ltr'>in-</span> 
     </span>
     <span class='ocr_line' id='line_1_11' title="bbox 608 1386 2340 1457; baseline 0.001 -11"><span class='ocrx_word' id='word_1_69' title='bbox 608 1388 844 1446; x_wconf 86' lang='lat' dir='ltr'>cumbit</span> <span class='ocrx_word' id='word_1_70' title='bbox 922 1387 1341 1446; x_wconf 88' lang='lat' dir='ltr'>demonstrare</span> <span class='ocrx_word' id='word_1_71' title='bbox 1413 1407 1544 1446; x_wconf 91' lang='lat' dir='ltr'>esse</span> <span class='ocrx_word' id='word_1_72' title='bbox 1616 1407 1817 1447; x_wconf 87' lang='lat' dir='ltr'>veram</span> <span class='ocrx_word' id='word_1_73' title='bbox 1848 1386 1868 1445; x_wconf 85' lang='lat'>?</span> <span class='ocrx_word' id='word_1_74' title='bbox 2001 1387 2165 1448; x_wconf 72' lang='lat' dir='ltr'>Quid</span> <span class='ocrx_word' id='word_1_75' title='bbox 2245 1397 2340 1457; x_wconf 15' lang='lat' dir='ltr'>est&gt;</span> 
     </span>
     <span class='ocr_line' id='line_1_12' title="bbox 613 1480 2334 1559; baseline 0.001 -20"><span class='ocrx_word' id='word_1_76' title='bbox 613 1481 1049 1553; x_wconf 83' lang='lat' dir='ltr'>demonstrare,</span> <span class='ocrx_word' id='word_1_77' title='bbox 1097 1491 1500 1559; x_wconf 72' lang='lat' dir='ltr'>praeterquam</span> <span class='ocrx_word' id='word_1_78' title='bbox 1559 1480 1823 1539; x_wconf 84' lang='lat' dir='ltr'>docere?</span> <span class='ocrx_word' id='word_1_79' title='bbox 1928 1480 2136 1539; x_wconf 90' lang='lat' dir='ltr'>Meum</span> <span class='ocrx_word' id='word_1_80' title='bbox 2187 1500 2334 1559; x_wconf 86' lang='lat' dir='ltr'>ergo</span> 
     </span>
     <span class='ocr_line' id='line_1_13' title="bbox 612 1573 2336 1652; baseline -0.001 -18"><span class='ocrx_word' id='word_1_81' title='bbox 612 1584 703 1634; x_wconf 90' lang='lat' dir='ltr'>est</span> <span class='ocrx_word' id='word_1_82' title='bbox 732 1574 949 1633; x_wconf 90' lang='lat' dir='ltr'>docere</span> <span class='ocrx_word' id='word_1_83' title='bbox 979 1573 1383 1651; x_wconf 82' lang='lat' dir='ltr'>professorem</span> <span class='ocrx_word' id='word_1_84' title='bbox 1415 1574 1742 1652; x_wconf 80' lang='lat' dir='ltr'>publicum.</span> <span class='ocrx_word' id='word_1_85' title='bbox 1833 1573 1940 1633; x_wconf 92' lang='lat' dir='ltr'>Ille</span> <span class='ocrx_word' id='word_1_86' title='bbox 1970 1594 2066 1633; x_wconf 92' lang='lat' dir='ltr'>me</span> <span class='ocrx_word' id='word_1_87' title='bbox 2089 1585 2336 1633; x_wconf 88' lang='lat' dir='ltr'>accusat</span> 
     </span>
     <span class='ocr_line' id='line_1_14' title="bbox 608 1668 2332 1747; baseline -0.001 -19"><span class='ocrx_word' id='word_1_88' title='bbox 608 1669 763 1728; x_wconf 88' lang='lat' dir='ltr'>falsi.</span> <span class='ocrx_word' id='word_1_89' title='bbox 851 1668 946 1727; x_wconf 92' lang='lat' dir='ltr'>Ad</span> <span class='ocrx_word' id='word_1_90' title='bbox 979 1688 1156 1746; x_wconf 89' lang='lat' dir='ltr'>quem</span> <span class='ocrx_word' id='word_1_91' title='bbox 1186 1670 1451 1746; x_wconf 88' lang='lat' dir='ltr'>pertinet</span> <span class='ocrx_word' id='word_1_92' title='bbox 1489 1669 1768 1747; x_wconf 88' lang='lat' dir='ltr'>probatio</span> <span class='ocrx_word' id='word_1_93' title='bbox 1797 1691 1809 1726; x_wconf 89' lang='lat'>:</span> <span class='ocrx_word' id='word_1_94' title='bbox 1855 1668 1934 1727; x_wconf 91' lang='lat' dir='ltr'>ad</span> <span class='ocrx_word' id='word_1_95' title='bbox 1963 1678 2332 1742; x_wconf 88' lang='lat' dir='ltr'>accusatum,</span> 
     </span>
     <span class='ocr_line' id='line_1_15' title="bbox 611 1761 2334 1840; baseline 0 -18"><span class='ocrx_word' id='word_1_96' title='bbox 611 1784 687 1822; x_wconf 93' lang='lat' dir='ltr'>an</span> <span class='ocrx_word' id='word_1_97' title='bbox 719 1763 796 1822; x_wconf 85' lang='lat' dir='ltr'>ad</span> <span class='ocrx_word' id='word_1_98' title='bbox 833 1761 1291 1821; x_wconf 80' lang='lat' dir='ltr'>accusatorem?</span> <span class='ocrx_word' id='word_1_99' title='bbox 1385 1764 1595 1840; x_wconf 87' lang='lat' dir='ltr'>Egone</span> <span class='ocrx_word' id='word_1_100' title='bbox 1641 1762 1892 1821; x_wconf 91' lang='lat' dir='ltr'>doceam</span> <span class='ocrx_word' id='word_1_101' title='bbox 1931 1762 2334 1840; x_wconf 81' lang='lat' dir='ltr'>professorem</span> 
     </span>
     <span class='ocr_line' id='line_1_16' title="bbox 609 1856 2333 1935; baseline 0 -19"><span class='ocrx_word' id='word_1_102' title='bbox 609 1858 771 1916; x_wconf 87' lang='lat' dir='ltr'>hunc</span> <span class='ocrx_word' id='word_1_103' title='bbox 818 1856 1167 1935; x_wconf 81' lang='lat' dir='ltr'>publicum?</span> <span class='ocrx_word' id='word_1_104' title='bbox 1257 1857 1399 1916; x_wconf 72' lang='lat' dir='ltr'>Qua</span> <span class='ocrx_word' id='word_1_105' title='bbox 1439 1857 1593 1935; x_wconf 84' lang='lat' dir='ltr'>lege,</span> <span class='ocrx_word' id='word_1_106' title='bbox 1635 1876 1754 1935; x_wconf 93' lang='lat' dir='ltr'>quo</span> <span class='ocrx_word' id='word_1_107' title='bbox 1804 1856 2022 1915; x_wconf 90' lang='lat' dir='ltr'>merito</span> <span class='ocrx_word' id='word_1_108' title='bbox 2072 1856 2333 1917; x_wconf 89' lang='lat' dir='ltr'>hominis</span> 
     </span>
     <span class='ocr_line' id='line_1_17' title="bbox 602 1949 2332 2029; baseline 0 -19"><span class='ocrx_word' id='word_1_109' title='bbox 602 1949 932 2010; x_wconf 73' lang='lat' dir='ltr'>maledici?</span> <span class='ocrx_word' id='word_1_110' title='bbox 1021 1949 1141 2009; x_wconf 84' lang='lat' dir='ltr'>Sed</span> <span class='ocrx_word' id='word_1_111' title='bbox 1192 1970 1355 2009; x_wconf 88' lang='lat' dir='ltr'>nunc</span> <span class='ocrx_word' id='word_1_112' title='bbox 1407 1950 1645 2023; x_wconf 85' lang='lat' dir='ltr'>faciam,</span> <span class='ocrx_word' id='word_1_113' title='bbox 1697 1959 1866 2029; x_wconf 89' lang='lat' dir='ltr'>put0,</span> <span class='ocrx_word' id='word_1_114' title='bbox 1917 1960 1986 2010; x_wconf 92' lang='lat' dir='ltr'>ut</span> <span class='ocrx_word' id='word_1_115' title='bbox 2031 1959 2162 2010; x_wconf 90' lang='lat' dir='ltr'>tum</span> <span class='ocrx_word' id='word_1_116' title='bbox 2212 1951 2332 2024; x_wconf 85' lang='lat' dir='ltr'>ille,</span> 
     </span>
     <span class='ocr_line' id='line_1_18' title="bbox 606 2044 2331 2123; baseline -0.001 -18"><span class='ocrx_word' id='word_1_117' title='bbox 606 2057 739 2105; x_wconf 90' lang='lat' dir='ltr'>tum</span> <span class='ocrx_word' id='word_1_118' title='bbox 784 2063 1069 2123; x_wconf 85' lang='lat' dir='ltr'>sequaces</span> <span class='ocrx_word' id='word_1_119' title='bbox 1115 2044 1272 2103; x_wconf 88' lang='lat' dir='ltr'>illius</span> <span class='ocrx_word' id='word_1_120' title='bbox 1319 2044 1865 2104; x_wconf 82' lang='lat' dir='ltr'>demonstrationes</span> <span class='ocrx_word' id='word_1_121' title='bbox 1911 2063 2074 2104; x_wconf 87' lang='lat' dir='ltr'>meas</span> <span class='ocrx_word' id='word_1_122' title='bbox 2113 2044 2331 2104; x_wconf 90' lang='lat' dir='ltr'>intelli-</span> 
     </span>
     <span class='ocr_line' id='line_1_19' title="bbox 601 2137 1479 2218; baseline -0.002 -19"><span class='ocrx_word' id='word_1_123' title='bbox 601 2149 756 2218; x_wconf 84' lang='lat' dir='ltr'>&#39;gant</span> <span class='ocrx_word' id='word_1_124' title='bbox 785 2138 999 2197; x_wconf 89' lang='lat' dir='ltr'>melius</span> <span class='ocrx_word' id='word_1_125' title='bbox 1029 2158 1209 2217; x_wconf 92' lang='lat' dir='ltr'>quam</span> <span class='ocrx_word' id='word_1_126' title='bbox 1238 2137 1479 2197; x_wconf 87' lang='lat' dir='ltr'>vellent.</span> 
     </span>
     <span class='ocr_line' id='line_1_20' title="bbox 603 2232 2332 2311; baseline -0.002 -18"><span class='ocrx_word' id='word_1_127' title='bbox 603 2244 606 2247; x_wconf 75' lang='grc'><strong><em>’</em></strong></span> <span class='ocrx_word' id='word_1_128' title='bbox 689 2234 914 2306; x_wconf 86' lang='lat' dir='ltr'>Terti0‚</span> <span class='ocrx_word' id='word_1_129' title='bbox 946 2243 1016 2291; x_wconf 90' lang='lat' dir='ltr'>ut</span> <span class='ocrx_word' id='word_1_130' title='bbox 1049 2233 1268 2311; x_wconf 91' lang='lat' dir='ltr'>probet</span> <span class='ocrx_word' id='word_1_131' title='bbox 1314 2233 1686 2310; x_wconf 83' lang='lat' dir='ltr'>triangulum</span> <span class='ocrx_word' id='word_1_132' title='bbox 1721 2232 1884 2293; x_wconf 74' lang='lat' dir='ltr'>AYQ</span> <span class='ocrx_word' id='word_1_133' title='bbox 1928 2242 1990 2291; x_wconf 91' lang='lat' dir='ltr'>et</span> <span class='ocrx_word' id='word_1_134' title='bbox 2035 2240 2332 2291; x_wconf 85' lang='lat' dir='ltr'>sectorem</span> 
     </span>
     <span class='ocr_line' id='line_1_21' title="bbox 607 2326 2329 2405; baseline -0.002 -18"><span class='ocrx_word' id='word_1_135' title='bbox 607 2328 767 2388; x_wconf 92' lang='lat' dir='ltr'>ACL</span> <span class='ocrx_word' id='word_1_136' title='bbox 809 2348 931 2386; x_wconf 91' lang='lat' dir='ltr'>non</span> <span class='ocrx_word' id='word_1_137' title='bbox 962 2347 1092 2386; x_wconf 87' lang='lat' dir='ltr'>esse</span> <span class='ocrx_word' id='word_1_138' title='bbox 1132 2326 1405 2405; x_wconf 82' lang='lat' dir='ltr'>aequalia,</span> <span class='ocrx_word' id='word_1_139' title='bbox 1437 2326 1709 2395; x_wconf 88' lang='lat' dir='ltr'>assumit,</span> <span class='ocrx_word' id='word_1_140' title='bbox 1738 2335 1805 2384; x_wconf 87' lang='lat' dir='ltr'>ut</span> <span class='ocrx_word' id='word_1_141' title='bbox 1847 2326 2329 2403; x_wconf 21' lang='lat' dir='ltr'>,demonstratum</span> 
     </span>
     <span class='ocr_line' id='line_1_22' title="bbox 606 2419 2330 2499; baseline -0.003 -17"><span class='ocrx_word' id='word_1_142' title='bbox 606 2424 683 2483; x_wconf 87' lang='lat' dir='ltr'>ab</span> <span class='ocrx_word' id='word_1_143' title='bbox 709 2421 1093 2493; x_wconf 85' lang='lat' dir='ltr'>Archimede,</span> <span class='ocrx_word' id='word_1_144' title='bbox 1118 2422 1514 2499; x_wconf 86' lang='lat' dir='ltr'>perimetrum</span> <span class='ocrx_word' id='word_1_145' title='bbox 1540 2420 1748 2478; x_wconf 89' lang='lat' dir='ltr'>circuli</span> <span class='ocrx_word' id='word_1_146' title='bbox 1781 2419 1859 2478; x_wconf 89' lang='lat' dir='ltr'>ad</span> <span class='ocrx_word' id='word_1_147' title='bbox 1879 2420 2242 2478; x_wconf 86' lang='lat' dir='ltr'>diametrum</span> <span class='ocrx_word' id='word_1_148' title='bbox 2266 2420 2330 2478; x_wconf 92' lang='lat' dir='ltr'>in</span> 
     </span>
     <span class='ocr_line' id='line_1_23' title="bbox 605 2512 2330 2592; baseline -0.002 -17"><span class='ocrx_word' id='word_1_149' title='bbox 605 2517 842 2575; x_wconf 90' lang='lat' dir='ltr'>minore</span> <span class='ocrx_word' id='word_1_150' title='bbox 873 2515 1109 2574; x_wconf 87' lang='lat' dir='ltr'>ratione</span> <span class='ocrx_word' id='word_1_151' title='bbox 1140 2534 1269 2573; x_wconf 88' lang='lat' dir='ltr'>esse</span> <span class='ocrx_word' id='word_1_152' title='bbox 1299 2534 1480 2592; x_wconf 89' lang='lat' dir='ltr'>quam</span> <span class='ocrx_word' id='word_1_153' title='bbox 1511 2521 1589 2572; x_wconf 84' lang='lat'>22</span> <span class='ocrx_word' id='word_1_154' title='bbox 1618 2512 1698 2572; x_wconf 91' lang='lat' dir='ltr'>ad</span> <span class='ocrx_word' id='word_1_155' title='bbox 1729 2515 1786 2580; x_wconf 91' lang='lat'>7.</span> <span class='ocrx_word' id='word_1_156' title='bbox 1863 2513 1935 2572; x_wconf 94' lang='lat' dir='ltr'>Id</span> <span class='ocrx_word' id='word_1_157' title='bbox 1966 2523 2106 2572; x_wconf 87' lang='lat' dir='ltr'>vero</span> <span class='ocrx_word' id='word_1_158' title='bbox 2135 2532 2330 2592; x_wconf 93' lang='lat' dir='ltr'>neque</span> 
     </span>
     <span class='ocr_line' id='line_1_24' title="bbox 606 2607 2330 2686; baseline -0.003 -16"><span class='ocrx_word' id='word_1_159' title='bbox 606 2611 684 2670; x_wconf 90' lang='lat' dir='ltr'>ab</span> <span class='ocrx_word' id='word_1_160' title='bbox 717 2608 1079 2669; x_wconf 90' lang='lat' dir='ltr'>Archimede</span> <span class='ocrx_word' id='word_1_161' title='bbox 1111 2608 1593 2667; x_wconf 87' lang='lat' dir='ltr'>demonstratum</span> <span class='ocrx_word' id='word_1_162' title='bbox 1625 2616 1735 2678; x_wconf 89' lang='lat' dir='ltr'>est,</span> <span class='ocrx_word' id='word_1_163' title='bbox 1766 2626 1961 2686; x_wconf 90' lang='lat' dir='ltr'>neque</span> <span class='ocrx_word' id='word_1_164' title='bbox 1999 2607 2158 2666; x_wconf 89' lang='lat' dir='ltr'>illius</span> <span class='ocrx_word' id='word_1_165' title='bbox 2204 2627 2330 2666; x_wconf 87' lang='lat' dir='ltr'>me-</span> 
     </span>
     <span class='ocr_line' id='line_1_25' title="bbox 600 2701 2332 2781; baseline -0.003 -17"><span class='ocrx_word' id='word_1_166' title='bbox 600 2703 798 2765; x_wconf 90' lang='lat' dir='ltr'>·thodo</span> <span class='ocrx_word' id='word_1_167' title='bbox 831 2702 1234 2763; x_wconf 88' lang='lat' dir='ltr'>demonstrari</span> <span class='ocrx_word' id='word_1_168' title='bbox 1274 2711 1498 2781; x_wconf 88' lang='lat' dir='ltr'>potest.</span> <span class='ocrx_word' id='word_1_169' title='bbox 1587 2701 1871 2760; x_wconf 89' lang='lat' dir='ltr'>Procedit</span> <span class='ocrx_word' id='word_1_170' title='bbox 1900 2701 2059 2760; x_wconf 90' lang='lat' dir='ltr'>enim</span> <span class='ocrx_word' id='word_1_171' title='bbox 2089 2721 2200 2780; x_wconf 91' lang='lat' dir='ltr'>per</span> <span class='ocrx_word' id='word_1_172' title='bbox 2229 2721 2332 2760; x_wconf 85' lang='lat' dir='ltr'>ex-</span> 
     </span>
     <span class='ocr_line' id='line_1_26' title="bbox 602 2795 2330 2875; baseline -0.003 -16"><span class='ocrx_word' id='word_1_173' title='bbox 602 2799 966 2859; x_wconf 89' lang='lat' dir='ltr'>&#39;tractionem</span> <span class='ocrx_word' id='word_1_174' title='bbox 1020 2797 1314 2869; x_wconf 83' lang='lat' dir='ltr'>radicum,</span> <span class='ocrx_word' id='word_1_175' title='bbox 1366 2796 1736 2875; x_wconf 86' lang='lat' dir='ltr'>assumitque</span> <span class='ocrx_word' id='word_1_176' title='bbox 1785 2795 2053 2855; x_wconf 90' lang='lat' dir='ltr'>radicem</span> <span class='ocrx_word' id='word_1_177' title='bbox 2093 2796 2330 2855; x_wconf 91' lang='lat' dir='ltr'>numeri</span> 
     </span>
     <span class='ocr_line' id='line_1_27' title="bbox 606 2890 2329 2973; baseline -0.001 -21"><span class='ocrx_word' id='word_1_178' title='bbox 606 2893 1045 2973; x_wconf 86' lang='lat' dir='ltr'>quadratorum</span> <span class='ocrx_word' id='word_1_179' title='bbox 1073 2891 1136 2950; x_wconf 92' lang='lat' dir='ltr'>in</span> <span class='ocrx_word' id='word_1_180' title='bbox 1155 2890 1451 2970; x_wconf 88' lang='lat' dir='ltr'>quadrato</span> <span class='ocrx_word' id='word_1_181' title='bbox 1476 2891 1704 2968; x_wconf 87' lang='lat' dir='ltr'>majore</span> <span class='ocrx_word' id='word_1_182' title='bbox 1729 2899 2178 2963; x_wconf 85' lang='lat' dir='ltr'>contentorum,</span> <span class='ocrx_word' id='word_1_183' title='bbox 2201 2909 2329 2950; x_wconf 90' lang='lat' dir='ltr'>esse</span> 
     </span>
     <span class='ocr_line' id='line_1_28' title="bbox 596 2983 2326 3065; baseline -0.003 -18"><span class='ocrx_word' id='word_1_184' title='bbox 596 2988 796 3047; x_wconf 84' lang='lat' dir='ltr'>totius</span> <span class='ocrx_word' id='word_1_185' title='bbox 827 2985 1108 3065; x_wconf 84' lang='lat' dir='ltr'>quadrati</span> <span class='ocrx_word' id='word_1_186' title='bbox 1153 2985 1342 3043; x_wconf 89' lang='lat' dir='ltr'>latus:</span> <span class='ocrx_word' id='word_1_187' title='bbox 1388 2983 1552 3063; x_wconf 91' lang='lat' dir='ltr'>quod</span> <span class='ocrx_word' id='word_1_188' title='bbox 1589 2995 1681 3043; x_wconf 86' lang='lat' dir='ltr'>est</span> <span class='ocrx_word' id='word_1_189' title='bbox 1719 2984 2040 3043; x_wconf 88' lang='lat' dir='ltr'>manifeste</span> <span class='ocrx_word' id='word_1_190' title='bbox 2087 2984 2326 3043; x_wconf 84' lang='lat' dir='ltr'>falsum.</span> 
     </span>
     <span class='ocr_line' id='line_1_29' title="bbox 597 3078 2326 3156; baseline -0.002 -15"><span class='ocrx_word' id='word_1_191' title='bbox 597 3081 768 3141; x_wconf 90' lang='lat' dir='ltr'>Nam</span> <span class='ocrx_word' id='word_1_192' title='bbox 810 3080 984 3139; x_wconf 87' lang='lat' dir='ltr'>radix</span> <span class='ocrx_word' id='word_1_193' title='bbox 1030 3079 1268 3138; x_wconf 88' lang='lat' dir='ltr'>numeri</span> <span class='ocrx_word' id='word_1_194' title='bbox 1299 3078 1738 3156; x_wconf 88' lang='lat' dir='ltr'>quadratorum</span> <span class='ocrx_word' id='word_1_195' title='bbox 1769 3087 1860 3137; x_wconf 90' lang='lat' dir='ltr'>est</span> <span class='ocrx_word' id='word_1_196' title='bbox 1892 3098 2177 3138; x_wconf 90' lang='lat' dir='ltr'>numerus</span> <span class='ocrx_word' id='word_1_197' title='bbox 2220 3079 2326 3138; x_wconf 90' lang='lat' dir='ltr'>ali-</span> 
     </span>
     <span class='ocr_line' id='line_1_30' title="bbox 599 3171 2328 3254; baseline -0.002 -19"><span class='ocrx_word' id='word_1_198' title='bbox 599 3176 738 3252; x_wconf 80' lang='lat' dir='ltr'>quis</span> <span class='ocrx_word' id='word_1_199' title='bbox 768 3174 1218 3254; x_wconf 83' lang='lat' dir='ltr'>quadratorum,</span> <span class='ocrx_word' id='word_1_200' title='bbox 1250 3193 1372 3232; x_wconf 90' lang='lat' dir='ltr'>non</span> <span class='ocrx_word' id='word_1_201' title='bbox 1408 3172 1585 3231; x_wconf 91' lang='lat' dir='ltr'>aliter</span> <span class='ocrx_word' id='word_1_202' title='bbox 1615 3192 1795 3250; x_wconf 89' lang='lat' dir='ltr'>quam</span> <span class='ocrx_word' id='word_1_203' title='bbox 1824 3171 1998 3231; x_wconf 84' lang='lat' dir='ltr'>radix</span> <span class='ocrx_word' id='word_1_204' title='bbox 2035 3178 2149 3232; x_wconf 88' lang='lat'>100</span> <span class='ocrx_word' id='word_1_205' title='bbox 2177 3172 2328 3252; x_wconf 89' lang='lat' dir='ltr'>lapi-</span> 
     </span>
     <span class='ocr_line' id='line_1_31' title="bbox 606 3266 1257 3346; baseline -0.008 -18"><span class='ocrx_word' id='word_1_206' title='bbox 606 3269 750 3328; x_wconf 91' lang='lat' dir='ltr'>dum</span> <span class='ocrx_word' id='word_1_207' title='bbox 782 3278 873 3328; x_wconf 87' lang='lat' dir='ltr'>est</span> <span class='ocrx_word' id='word_1_208' title='bbox 904 3275 975 3328; x_wconf 89' lang='lat'>10</span> <span class='ocrx_word' id='word_1_209' title='bbox 1005 3266 1257 3346; x_wconf 79' lang='lat' dir='ltr'>lapides,</span> 
     </span>
    </p>

    <p class='ocr_par' dir='ltr' id='par_1_5' title="bbox 596 3359 2327 3723">
     <span class='ocr_line' id='line_1_32' title="bbox 690 3359 2327 3440; baseline -0.002 -19"><span class='ocrx_word' id='word_1_210' title='bbox 690 3362 924 3421; x_wconf 88' lang='lat' dir='ltr'>Contra</span> <span class='ocrx_word' id='word_1_211' title='bbox 966 3360 1398 3440; x_wconf 85' lang='lat' dir='ltr'>propositionis</span> <span class='ocrx_word' id='word_1_212' title='bbox 1439 3360 1619 3438; x_wconf 90' lang='lat' dir='ltr'>hujus</span> <span class='ocrx_word' id='word_1_213' title='bbox 1660 3359 1979 3419; x_wconf 87' lang='lat' dir='ltr'>corollaria</span> <span class='ocrx_word' id='word_1_214' title='bbox 2023 3359 2174 3418; x_wconf 90' lang='lat' dir='ltr'>nihil</span> <span class='ocrx_word' id='word_1_215' title='bbox 2219 3360 2327 3419; x_wconf 93' lang='lat' dir='ltr'>ob-</span> 
     </span>
     <span class='ocr_line' id='line_1_33' title="bbox 597 3453 2327 3535; baseline -0.002 -19"><span class='ocrx_word' id='word_1_216' title='bbox 597 3457 751 3535; x_wconf 88' lang='lat' dir='ltr'>jicit,</span> <span class='ocrx_word' id='word_1_217' title='bbox 782 3465 1191 3534; x_wconf 81' lang='lat' dir='ltr'>praeterquam</span> <span class='ocrx_word' id='word_1_218' title='bbox 1222 3453 1385 3531; x_wconf 90' lang='lat' dir='ltr'>quod</span> <span class='ocrx_word' id='word_1_219' title='bbox 1423 3454 1764 3532; x_wconf 90' lang='lat' dir='ltr'>procedunt</span> <span class='ocrx_word' id='word_1_220' title='bbox 1807 3473 1878 3512; x_wconf 80' lang='lat' dir='ltr'>ex</span> <span class='ocrx_word' id='word_1_221' title='bbox 1916 3453 2327 3532; x_wconf 87' lang='lat' dir='ltr'>suppositione</span> 
     </span>
     <span class='ocr_line' id='line_1_34' title="bbox 596 3546 2326 3629; baseline -0.003 -19"><span class='ocrx_word' id='word_1_222' title='bbox 596 3550 767 3629; x_wconf 63' lang='lat' dir='ltr'>‘quod</span> <span class='ocrx_word' id='word_1_223' title='bbox 792 3549 951 3610; x_wconf 76' lang='lat' dir='ltr'>PQL</span> <span class='ocrx_word' id='word_1_224' title='bbox 979 3557 1038 3607; x_wconf 82' lang='lat' dir='ltr'>et</span> <span class='ocrx_word' id='word_1_225' title='bbox 1068 3548 1218 3607; x_wconf 85' lang='lat' dir='ltr'>CYP</span> <span class='ocrx_word' id='word_1_226' title='bbox 1257 3556 1397 3607; x_wconf 71' lang='lat' dir='ltr'>sunt</span> <span class='ocrx_word' id='word_1_227' title='bbox 1441 3557 1564 3607; x_wconf 81' lang='lat' dir='ltr'>tum</span> <span class='ocrx_word' id='word_1_228' title='bbox 1601 3548 1762 3607; x_wconf 81' lang='lat' dir='ltr'>inter</span> <span class='ocrx_word' id='word_1_229' title='bbox 1791 3567 1859 3607; x_wconf 75' lang='lat' dir='ltr'>se</span> <span class='ocrx_word' id='word_1_230' title='bbox 1898 3546 2173 3626; x_wconf 62' lang='lat' dir='ltr'>aequalia,</span> <span class='ocrx_word' id='word_1_231' title='bbox 2205 3555 2326 3606; x_wconf 80' lang='lat' dir='ltr'>tum</span> 
     </span>
     <span class='ocr_line' id='line_1_35' title="bbox 598 3640 2325 3723; baseline -0.002 -20"><span class='ocrx_word' id='word_1_232' title='bbox 598 3643 784 3709; x_wconf 10' lang='lat' dir='ltr'>*simul</span> <span class='ocrx_word' id='word_1_233' title='bbox 807 3650 1050 3722; x_wconf 73' lang='lat' dir='ltr'>sumpta</span> <span class='ocrx_word' id='word_1_234' title='bbox 1080 3640 1345 3721; x_wconf 79' lang='lat' dir='ltr'>aequalia</span> <span class='ocrx_word' id='word_1_235' title='bbox 1375 3643 1549 3702; x_wconf 89' lang='lat' dir='ltr'><strong>PAV.</strong></span> <span class='ocrx_word' id='word_1_236' title='bbox 1638 3642 1803 3701; x_wconf 91' lang='lat' dir='ltr'>Bene</span> <span class='ocrx_word' id='word_1_237' title='bbox 1834 3651 1943 3721; x_wconf 88' lang='lat' dir='ltr'>est.</span> <span class='ocrx_word' id='word_1_238' title='bbox 2021 3641 2325 3723; x_wconf 75' lang='lat' dir='ltr'>Quoniam</span> 
     </span>
    </p>
   </div>
  </div>
 </body>
</html>
