2462 4120
328 521 440 555 cAP.
460 521 567 555 VIII.

335 580 574 607 s--f—-ae

347 628 404 662 De
422 627 566 675 angulo.

648 348 767 402 402
884 360 973 402 DE
1006 362 1388 405 PRINCIPIIS
1423 363 1506 405 ET
1538 364 2138 407 RATloCINATIONE

648 506 815 558 recta
843 507 1028 559 rectae
1058 501 1138 560 ad
1165 502 1422 580 angulos
1451 513 1652 562 rectos
1681 503 1928 577 insistit,
1958 523 2084 562 non
2126 501 2368 575 dicitur,

640 592 818 669 juxta
861 613 1198 655 sermonem
1246 616 1648 666 communem,
1689 597 1936 656 omnino
1975 596 2255 655 inclinari
2305 597 2370 656 in

644 687 936 747 utramvis
964 699 1201 767 partem
1228 699 1411 748 rectae
1441 690 1538 748 cui
1582 690 1806 749 insistit
1832 714 1844 748 :
1892 690 2134 769 quando
2165 699 2370 749 autem

643 781 836 840 altera
863 782 1040 842 alteri
1067 784 1293 843 insistit
1321 783 1399 843 ad
1421 784 1675 862 angulos
1696 784 1989 862 obliquOS,
2013 793 2161 843 tunc
2191 783 2370 843 incli-

642 875 790 935 nari
817 876 895 936 ad
925 897 1059 936 eam
1087 886 1322 956 partem
1354 877 1579 935 dicitur
1600 877 1706 935 ubi
1734 878 1993 954 angulus
2017 886 2109 937 est
2132 887 2365 937 acutus.

639 970 843 1049 Atque
861 972 978 1032 1100
997 991 1177 1031 sensu
1194 971 1644 1031 inclinationem
1665 971 1951 1049 intelligit
1967 971 2032 1031 in
2048 971 2368 1031 Elemento

637 1065 959 1125 undecimo
982 1065 1283 1125 Euclides
1342 1066 1554 1143 Itaque
1573 1065 1823 1124 minima
1845 1063 2163 1123 inclinatio
2185 1073 2368 1124 rectae

640 1158 742 1218 CB
773 1159 852 1218 ad
883 1160 988 1219 CD
1024 1168 1171 1218 tunc
1216 1167 1328 1232 est,
1360 1158 1605 1236 quando
1638 1158 1829 1217 altera
1866 1157 1946 1217 ad
1984 1158 2238 1218 alteram
2275 1167 2369 1218 est

636 1253 1185 1332 perpendicularis:
1215 1252 1480 1311 maxima
1499 1260 1723 1325 autem,
1745 1250 1988 1331 quando
2012 1251 2368 1311 admovetur

639 1346 741 1406 CB
773 1347 852 1406 ad
877 1347 982 1407 OD
1012 1355 1183 1406 motu
1212 1346 1495 1405 circulari
1541 1346 1628 1404 ita
1655 1354 1726 1404 ut
1765 1345 1960 1404 ambae
1998 1344 2366 1406 coincidant.

637 1439 810 1499 Idem
840 1440 1024 1500 etiam
1049 1440 1169 1499 dici
1192 1449 1396 1517 potest
1421 1439 1495 1498 de
1526 1438 1921 1498 inclinatione
1949 1448 2135 1499 rectae
2159 1439 2265 1499 CD
2289 1441 2368 1500 ad

640 1534 770 1607 CA,
823 1544 884 1595 et
929 1545 1117 1595 rectae
1167 1535 1273 1595 CA
1322 1534 1402 1593 ad
1448 1533 1569 1606 ΟΕ,
1618 1541 1682 1592 et
1728 1541 1913 1593 rectae
1964 1532 2064 1592 GE
2111 1534 2191 1594 ad
2242 1534 2364 1594 CB.

637 1629 847 1688 Motus
898 1629 1060 1688 enim
1097 1628 1408 1688 circularis
1455 1627 1781 1706 cujuslibet
1810 1647 1843 1687 e
1873 1636 2135 1706 quatuor
2180 1629 2364 1688 rectis

636 1723 715 1781 ad
737 1731 933 1783 rectos
957 1723 1213 1802 angulos
1238 1723 1525 1801 deinceps
1548 1722 1881 1796 collocatiS,
1906 1722 2364 1784 inclinationem

635 1826 967 1890 mensurat,
999 1817 1270 1896 adeoque
1302 1817 1560 1896 angulos
1591 1836 1662 1875 eo
1691 1825 1863 1876 motu
1891 1827 2216 1895 generatos
2244 1841 2257 1877 ε
2303 1828 2364 1878 et

635 1931 873 1990 semper
903 1932 1022 1990 quo
1051 1913 1246 1990 major
1276 1921 1368 1971 est
1402 1931 1542 1990 pars
1588 1911 1778 1971 totius
1823 1911 2198 1972 circuitionis
2228 1933 2363 1993 quae

634 2026 707 2066 eo
736 2016 910 2066 motu
951 2006 1231 2066 circulari
1261 2006 1600 2079 conficitur,
1634 2026 1706 2066 00
1736 2007 1935 2085 major
1964 2015 2055 2066 est
2084 2007 2360 2086 angulus

715 2102 752 2161 J
756 2122 853 2161 am
876 2101 1188 2161 inclinatio
1217 2109 1402 2160 rectae
1434 2101 1539 2161 CD
1569 2099 1649 2160 ad
1677 2121 1886 2160 arcum
1917 2101 2000 2160 CI
2031 2121 2150 2181 quo
2179 2111 2362 2180 pacto

636 2196 974 2255 mensurari
1001 2206 1226 2274 potest,
1258 2215 1397 2254 cum
1426 2203 1630 2273 partes
1676 2214 1886 2254 omnes
1931 2214 2107 2254 arcus
2152 2195 2232 2254 CI
2273 2195 2362 2254 di-

635 2309 838 2348 versas
881 2290 1146 2349 habeant
1189 2288 1632 2357 inclinationeS,
1663 2287 1782 2346 nisi
1822 2287 1985 2366 quod
2027 2288 2092 2347 in
2133 2297 2362 2368 puncto

635 2384 816 2443 unico
866 2384 913 2442 C
963 2384 1277 2443 inclinatio
1327 2383 1592 2442 maxima
1633 2390 1742 2455 est,
1789 2402 2007 2460 nempe
2053 2384 2267 2461 puncti
2315 2383 2366 2443 C

639 2487 939 2556 quatenus
986 2479 1050 2537 in
1096 2487 1264 2537 recta
1306 2478 1415 2536 DC
1460 2476 1538 2535 ad
1582 2476 1745 2535 idem
1782 2487 2079 2555 punctum
2111 2477 2183 2550 C,
2217 2497 2363 2556 qua-

637 2582 817 2632 tenus
845 2572 909 2630 in
938 2592 1084 2631 arcu
1113 2573 1195 2631 IC
1224 2571 1244 2630 ἓ
1331 2572 1546 2649 Itaque
1577 2571 1833 2649 angulus
1867 2571 1969 2649 qui
2008 2573 2081 2631 fit
2110 2592 2147 2631 a
2175 2591 2366 2631 curva

641 2667 721 2726 CI
751 2677 813 2726 et
843 2676 1013 2726 recta
1044 2667 1174 2740 CD,
1206 2666 1453 2726 omnino
1484 2665 1562 2724 ad
1590 2675 1885 2744 punctum
1924 2665 2123 2744 ipsum
2154 2665 2202 2724 C
2229 2665 2365 2724 nul-

638 2762 733 2821 lus
763 2770 874 2834 est,
905 2761 1024 2820 nisi
1053 2761 1310 2839 angulus
1341 2751 1661 2819 contactus
1690 2780 1814 2819 non
1844 2760 1921 2820 sit
1951 2759 2223 2838 ejusdem
2259 2779 2366 2838 ge-

639 2857 825 2916 neris.
848 2856 1204 2934 quantitatis
1252 2874 1391 2914 cum
1441 2855 1663 2933 angulo
1706 2874 1886 2932 quem
1931 2855 2115 2914 efficit
2159 2853 2365 2913 radius

638 2970 749 3028 per
776 2958 1011 3027 motum
1039 2949 1396 3008 circularem
1427 2947 1507 3007 ad
1540 2948 1725 3007 alium
1765 2948 1967 3007 locum
2014 2947 2365 3007 translatus,

640 3045 733 3104 De
764 3063 883 3123 quo
935 3042 1127 3102 fusius
1169 3043 1406 3103 dicetur
1454 3042 1518 3101 in
1565 3042 2013 3101 examinatione
2052 3038 2232 3121 Prop'.
2271 3048 2363 3102 16.

639 3139 832 3199 Elem.
862 3138 946 3198 iii.

725 3233 1055 3293 Videamus
1086 3232 1363 3311 denique,
1387 3251 1496 3292 cur
1524 3231 1602 3291 ad
1632 3230 2130 3291 constitutionem
2159 3230 2368 3309 anguli

643 3327 1052 3389 necessarium
1072 3329 1142 3387 fit
1170 3338 1241 3386 ut
1267 3327 1402 3386 duae
1429 3326 1626 3398 lineae,
1649 3325 1847 3404 ipsum
1872 3325 2218 3398 efficientes,
2243 3345 2367 3384 non

638 3425 886 3502 jaceant
933 3421 998 3481 in
1049 3420 1349 3480 directum
1375 3444 1387 3479 :
1450 3421 1623 3498 cujus
1671 3438 1914 3479 causam
1959 3419 2118 3478 hanc
2167 3418 2368 3478 reddit

647 3517 910 3587 Clavius,
939 3515 1101 3594 quod
1145 3535 1257 3574 nec
1289 3514 1425 3574 duae
1466 3523 1671 3593 partes
1711 3512 1984 3591 ejusdem
2021 3520 2225 3583 rectae,
2253 3532 2367 3571 nec

646 3612 767 3671 duo
797 3629 973 3671 arcus
1003 3609 1273 3688 ejusdem
1298 3608 1527 3681 circuli,
1551 3607 1782 3667 faciunt
1812 3605 2116 3684 angulum.
2178 3606 2370 3666 Caete-
