2522 4152
619 366 1145 411 MATHEMATICAE
1180 367 1587 408 HODIERNAE.
1937 357 1973 408 3

319 509 401 569 A.
451 509 608 568 Usus
631 518 722 568 est
745 528 892 586 ergo
914 518 1188 585 tempore
1207 515 1508 584 praesente
1527 527 1637 585 pro
1654 507 1971 586 praeterito
2034 528 2284 561 DIALOGUS

235 603 613 684 imperfecto,
2140 597 2172 629 ¹·
2269 654 2275 662 ,

314 699 399 759 Β.
447 699 561 758 Ita.

314 790 391 852 A.
439 793 539 852 An
571 803 633 852 et
664 813 823 872 saepe
850 793 870 852 Ρ

314 887 396 948 Β.
444 887 808 966 Saepissime.

314 979 392 1041 A.
439 981 840 1043 Absolvamus
870 1001 1016 1060 ergo
1045 979 1516 1060 typographum.

313 1075 392 1136 B.
438 1077 646 1137 Recte.
692 1077 922 1136 Verum
953 1096 1066 1155 ego
1091 1076 1264 1135 illum
1289 1095 1414 1134 non
1436 1072 1682 1133 laudavi
1708 1093 1744 1132 a
1773 1093 1968 1151 gram-

231 1171 476 1245 matica,
497 1192 870 1251 quamquam
889 1172 1017 1250 ipse
1041 1170 1189 1230 alias
1210 1189 1335 1229 non
1357 1168 1701 1247 intelligere
1726 1178 1787 1227 et
1804 1168 1971 1247 loqui

232 1266 451 1326 Latine
481 1266 746 1326 dedecus
776 1287 906 1326 esse
937 1275 1145 1326 censet
1174 1264 1543 1324 academico,

315 1358 392 1422 A.
438 1360 744 1420 Numeros
787 1362 974 1421 etiam
1026 1360 1374 1442 reperimus
1423 1358 1502 1419 ab
1550 1357 1712 1439 ipsis
1763 1358 1972 1417 mundi

227 1453 615 1533 primordiis,
646 1464 845 1537 prout
874 1457 938 1516 iu
968 1464 1222 1516 oetatum
1243 1455 1767 1536 patriarcharum
1797 1461 1973 1512 eata-

231 1548 378 1630 logo
422 1549 634 1631 liquet,
667 1572 793 1632 per
837 1552 1154 1625 monadaS,
1194 1550 1488 1623 decadae,
1536 1549 1974 1629 centuriasque

231 1652 383 1724 apte
430 1645 782 1726 dispo-sitm,
821 1645 1131 1727 gradibus
1171 1645 1433 1718 scilic-eu
1479 1666 1555 1704 ne
1606 1644 1972 1704 inordinata

230 1759 614 1800 numerorum
656 1741 1045 1802 multitudiue
1087 1750 1150 1801 et
1187 1748 1354 1816 ἀταξίᾳ
1395 1739 1637 1800 laboret
1678 1738 1973 1810 ealeuZuS,

228 1833 329 1893 vel
362 1834 607 1914 quidem
644 1835 847 1895 nullus
886 1836 1120 1896 omnino
1154 1835 1535 1896 siu—Quod
1563 1835 1788 1893 iterum
1819 1843 1972 1894 tem-

229 1949 378 2008 pore
420 1940 723 2009 praesente
762 1941 975 1991 utatur
1015 1952 1127 2011 pro
1157 1931 1540 2010 imperfecto,
1581 1931 1873 2009 quoniam
1907 1941 1974 1989 tu

229 2024 318 2084 ita
345 2025 455 2096 vis,
485 2036 806 2105 praetereo,
895 2028 1035 2087 Hoc
1064 2035 1305 2087 tantum
1345 2047 1382 2085 a
1411 2036 1473 2085 te
1504 2045 1732 2104 quaem,
1763 2034 1968 2084 utrum

228 2119 307 2179 ab
338 2139 430 2191 e0‚
474 2121 641 2200 quod
684 2131 898 2182 aetates
942 2122 1433 2202 patriarcharum
1471 2140 1666 2200 usque
1706 2120 1785 2179 ad
1819 2120 1971 2179 dilu-

226 2215 394 2274 vium
423 2236 534 2295 per
565 2218 893 2292 centuriaS,
931 2217 1214 2291 decadas,
1246 2217 1542 2276 monadas
1569 2223 1972 2275 numerentur

233 2309 411 2386 (Gen.
444 2331 577 2391 cap.
605 2313 694 2389 5),
730 2313 944 2372 inferri
973 2313 1166 2392 possit
1193 2332 1588 2372 numerorum
1618 2311 1868 2371 nomina
1898 2331 1970 2370 eo

228 2411 504 2484 tempore
534 2406 622 2466 ita
651 2406 931 2467 ordinata
961 2408 1164 2468 fuisse.

308 2498 387 2560 B.
436 2501 750 2580 Siquidem
784 2511 968 2581 eaput
997 2503 1148 2562 illud
1180 2502 1464 2582 quintum
1500 2511 1643 2561 ante
1675 2501 1972 2560 diluvium

228 2595 525 2674 seriptum
555 2597 792 2671 fuisset,
833 2598 1026 2657 illatio
1067 2598 1171 2657 illa
1209 2606 1367 2657 esset
1402 2598 1582 2656 bona.
1673 2597 1795 2656 Sed
1826 2617 1969 2675 quo-

225 2688 391 2748 niam
420 2691 517 2750 vel
546 2712 583 2751 a
613 2692 807 2763 Mose,
831 2693 930 2751 vel
952 2693 1138 2771 longo
1162 2702 1303 2772 post
1326 2692 1567 2751 Mosem
1591 2702 1868 2769 tempore
1892 2691 1969 2749 ab

225 2782 423 2844 Esdra
450 2786 748 2865 scriptum
778 2807 910 2846 esse
952 2807 1163 2848 omnes
1195 2787 1610 2860 consentiunt,
1647 2786 1968 2846 fatendum

228 2887 321 2939 est
348 2870 573 2941 bonam
604 2902 729 2941 non
758 2902 911 2942 esse.

307 2974 389 3035 A.
434 2975 866 3036 Desideramus
914 2997 1061 3055 ergo
1102 2977 1166 3036 in
1197 2976 1476 3036 Wallisio
1519 2984 1762 3048 ἀκρίβειαν
1801 2975 1968 3033 illam

226 3067 472 3146 logiceS,
504 3091 688 3150 quam
712 3072 1010 3150 exigimus
1041 3093 1077 3131 a
1101 3069 1968 3132 mathematicis—Mathesis

229 3163 406 3241 apud
435 3164 761 3225 Chaldaeos
779 3175 936 3247 post
965 3166 1256 3226 diluvium
1273 3166 1487 3247 primo
1496 3164 1804 3243 floruisse
1835 3185 1968 3223 cre-

231 3255 421 3330 ditur,
463 3258 684 3319 deinde
714 3261 887 3339 apud
913 3261 1255 3341 EgyptiOS,
1295 3281 1428 3320 eum
1457 3258 1570 3319 hoe
1602 3267 1804 3318 tamen
1838 3259 1968 3318 clis-

230 3350 482 3410 erimine
498 3374 522 3419 ;
591 3353 1024 3415 Chaldaeorum
1079 3355 1477 3427 astronomia,
1546 3353 1966 3433 Egyptiorum

225 3447 576 3525 geometria
607 3449 922 3509 celebrata
951 3450 1334 3510 esa—Unde
1365 3450 1481 3508 seit
1506 3448 1526 3507 Ρ
1600 3448 1806 3507 Quare
1837 3467 1967 3504 cre-

230 3540 396 3599 ditur
422 3540 442 3599 ?
509 3541 622 3601 Cui
650 3543 943 3604 historico
969 3545 989 3603 ἒ
1059 3545 1353 3623 Oportuit
1375 3544 1719 3602 nominasse
1748 3541 1966 3600 autho-

228 3653 357 3694 rem
397 3654 594 3696 suum.
679 3638 840 3699 Nam
885 3648 1125 3713 contra,
1173 3638 1610 3698 astronomiam
1645 3634 1965 3693 Chaldaeos

1666 3749 1705 3788 B
1738 3732 1760 3764 2
