2462 4120
180 537 428 570 DIALOGUS

277 606 345 638 IV·

503 365 615 418 152
855 375 1298 418 EXAMJNATIO
1333 377 1416 417 ET
1448 376 1806 418 EMENDA'rl
1820 376 1859 417 0

497 535 740 574 numero
772 515 1099 596 designari
1124 538 1243 576 non
1254 525 1504 596 potest:
1547 536 1690 576 nam
1741 525 1802 576 et
1845 517 1963 575 hoc
2002 514 2220 573 falsum

499 620 626 678 051;
674 610 816 688 quia
843 620 966 669 tres
1003 620 1235 688 quartae
1280 621 1486 689 partes
1536 611 1717 669 unius
1766 610 2085 688 cujuslibet
2134 607 2224 666 rei

497 724 621 763 non
667 704 866 763 minus
904 724 1083 763 verus
1130 713 1221 763 est
1261 723 1566 776 111111101115,
1592 724 1773 781 quam
1819 714 1944 762 tres
1991 710 2225 781 quartae

496 806 702 877 partes
730 798 911 857 unius
935 799 1254 857 octonarii.
1338 799 1417 856 Et
1447 797 1823 875 simpliciter,
1854 807 1979 856 tres
2018 805 2225 875 partes

499 902 641 951 sunt
671 912 842 971 aeque
872 913 1053 952 verus
1093 911 1383 950 numerus
1413 911 1484 950 ac
1536 891 1655 949 tria
1701 900 1850 950 tota.
1941 891 2070 950 Sed
2096 910 2226 972 pro

497 986 659 1045 veris
704 986 971 1046 numeris
1018 986 1249 1058 haberi,
1291 986 1508 1064 inquit,
1538 1005 1653 1044 non
1703 984 1920 1044 solent.
2006 985 2226 1063 Neque

499 1081 614 1140 hoc
646 1079 936 1140 concedo,

582 1175 663 1234 B.
711 1173 831 1234 sed
861 1174 1077 1252 probat
1108 1192 1182 1230 ex
1212 1191 1303 1243 e0‚
1349 1171 1513 1250 quod
1542 1170 1653 1229 sub
1682 1171 1915 1230 numeri
1942 1171 2227 1251 appella-

503 1268 664 1328 tione
693 1267 869 1347 apud
894 1265 1216 1325 Euclidem
1245 1285 1360 1323 non
1389 1270 1728 1323 censentur.

585 1363 666 1421 A.
715 1362 876 1422 Quia
931 1378 1219 1419 numerus
1275 1358 1592 1417 hominum
1655 1358 1766 1416 sub
1826 1356 2233 1435 appellatione

501 1456 734 1515 numeri
769 1454 930 1533 apud
958 1452 1271 1512 Euclidem
1301 1472 1425 1510 non
1457 1460 1760 1522 censetur,
1790 1450 2008 1510 ideone
2038 1451 2234 1529 sequi-

502 1561 602 1610 tur
660 1550 823 1629 quod
879 1566 1166 1607 numerus
1221 1546 1535 1604 hominum
1584 1564 1708 1603 non
1760 1555 1854 1603 051
1899 1543 2230 1604 numerus?

506 1646 628 1704 Cur
673 1655 878 1703 autem
909 1660 1195 1701 numerus
1241 1639 1555 1699 hominum
1598 1639 1793 1717 magis
1824 1647 1915 1698 est
1943 1658 2235 1698 numerus

505 1760 684 1817 quam
717 1757 1004 1797 numerus
1033 1736 1299 1814 partium
1327 1735 1506 1793 unius
1535 1734 1837 1793 hominis?

586 1831 664 1892 B.
712 1832 955 1904 Νο5010,
982 1830 1090 1889 sed
1118 1849 1324 1908 perge.

590 1927 669 1986 A.
718 1927 855 1986 Hoc
875 1945 1114 2005 quoque
1133 1923 1653 1983 animadversione
1673 1921 1926 2001 dignum
1948 1931 2058 1995 est,
2071 1921 2238 2001 quod

507 2022 673 2094 dicit,
698 2042 772 2079 ex
804 2020 1171 2101 imperfecta
1202 2026 1262 2078 et
1292 2016 1660 2098 impossibili
1688 2016 1964 2076 radicum
1986 2024 2236 2076 extrac-

509 2117 675 2175 tione
705 2116 863 2174 oriri
892 2134 1168 2174 numero-5
1210 2113 1436 2172 surdos
1461 2100 1568 2184 αἶ,
1596 2101 1702 2183 αἶ,
1729 2119 1842 2170 ete.
1930 2111 2239 2169 Numerus

508 2212 670 2271 enim
698 2211 898 2269 nullus
931 2218 1040 2281 est,
1073 2209 1176 2287 qui
1206 2228 1329 2267 non
1365 2216 1455 2266 est
1490 2207 1554 2265 in
1584 2205 2024 2285 progressionis
2053 2205 2238 2282 hujus

506 2306 906 2365 arithmeticae
926 2304 1098 2376 serie,
1132 2311 1182 2375 1,
1208 2311 1265 2374 2,
1287 2310 1343 2374 3,
1369 2310 1486 2360 010.
1513 2324 1526 2358 :
1561 2301 1611 2359 si
1631 2300 2025 2360 continuetur
2049 2318 2242 2378 quan-

508 2411 639 2459 tum
664 2408 888 2480 potest.

590 2495 668 2555 B.
714 2494 884 2554 Nihil
913 2491 1311 2552 manifestius,
1401 2488 1521 2548 Sed
1550 2489 1817 2566 ignosce.

594 2593 675 2652 A.
723 2590 999 2653 Quidni?
1088 2588 1519 2648 Condonamus
1571 2586 1626 2644 ei
1671 2605 1796 2645 non
1839 2584 2021 2644 modo
2060 2584 2240 2657 hanc,

511 2688 618 2747 sed
661 2707 904 2747 omnem
948 2687 1099 2764 ejuS,
1137 2692 1604 2762 quantacunque
1651 2681 1748 2752 sit,
1793 2678 2240 2758 ignorantiam3

511 2782 618 2842 sed
672 2783 823 2842 falsa
890 2779 1333 2858 corrigentibus
1403 2777 1583 2835 liceat
1639 2794 1783 2833 vera
1852 2772 2240 2851 investigare.

510 2878 890 2936 Fractionem
931 2894 1073 2934 mox
1116 2872 1413 2931 laboriose
1458 2869 1671 2928 definit
1715 2887 1863 2940 esse,
1906 2887 2030 2946 qna
2066 2866 2243 2925 unius

511 2971 749 3051 integri
785 2989 952 3049 pars
993 2966 1321 3034 indicatur,
1353 2984 1490 3044 qnae
1519 2962 1606 3021 ad
1631 2969 1815 3020 totum
1845 2960 2018 3020 illam
2048 2961 2241 3020 ratio-

510 3085 642 3123 nem
688 3063 890 3136 habet,
931 3082 1113 3142 quam
1159 3058 1340 3118 hahet
1366 3056 1720 3135 fractionis
1759 3062 2113 3115 numerator
2158 3053 2250 3113 ad

512 3158 1041 3218 denominatorem.

593 3252 675 3311 B.
721 3251 885 3310 Male
913 3250 1049 3310 hoc.
1136 3248 1220 3307 Ni
1250 3247 1411 3306 enim
1448 3245 1762 3324 cognitum
1791 3244 1959 3322 prius
1988 3243 2068 3302 sit
2095 3241 2246 3321 quid

512 3347 591 3406 sit
598 3346 868 3426 fraetzb,
893 3343 1178 3422 cognosci
1207 3361 1331 3400 non
1361 3348 1563 3418 potest
1587 3339 1733 3418 quid
1764 3339 1844 3398 sit
1871 3343 2244 3406 numerator,

513 3450 618 3500 aut
649 3439 1064 3500 denominator
1092 3434 1467 3516 fractionis,

596 3532 671 3594 A.
719 3535 965 3594 Poterat
1002 3529 1266 3602 111ον1115,
1296 3528 1517 3602 17011115,
1559 3538 1622 3588 01
1672 3527 1928 3607 1110111115,
1958 3534 2242 3585 naturam
