2462 4120
846 406 1403 451 GEOMETRARUM.
1866 400 1985 453 435

337 545 570 605 Rursus
598 544 948 623 incipiendo
975 565 1011 604 a
1041 546 1324 618 maxima,
1346 546 1501 605 ratio
1531 548 1743 625 primae
1766 549 1844 608 ad
1865 558 1988 609 ter-
2045 574 2156 606 CAP.
2185 572 2308 604 xvn.

252 640 402 700 tiam
444 650 537 700 est
583 641 778 717 major
807 640 1047 699 ratione
1078 640 1349 718 ejusdem
1388 641 1600 718 primae
1647 643 1724 702 ad
1772 663 1986 703 secun-
2039 630 2306 724 md

253 734 414 807 dam,
467 754 686 812 nempe
737 733 924 813 duplo
978 735 1206 812 major:
1268 745 1503 806 contra,
1555 736 1901 815 incipiendo
1953 759 1989 797 a
2038 732 2321 822 ᾙξξὲἰῇἰξῗω·

251 829 523 901 minima,
555 828 712 888 ratio
742 828 956 907 primae
986 828 1065 887 ad
1095 828 1341 888 tertiam
1385 829 1583 887 minor
1623 840 1716 889 est
1754 832 1989 892 ratione

250 923 464 1003 primae
493 922 571 982 ad
602 922 953 996 secundam,
984 923 1273 982 nimirum
1304 921 1492 1001 duplo
1522 922 1743 982 minor.

333 1017 565 1090 Terti0,
597 1017 949 1096 incipiendo
980 1037 1018 1076 a
1046 1017 1331 1088 maxima,
1364 1036 1605 1095 semper
1632 1016 1830 1095 prima
1870 1038 1990 1078 ma-

243 1112 444 1190 jorem
493 1111 796 1171 rationem
846 1112 1034 1171 habet
1087 1111 1167 1171 ad
1210 1133 1344 1172 eam
1398 1131 1536 1191 quae
1578 1112 1860 1190 proprior
1904 1122 1994 1172 est

250 1206 470 1278 tertiae,
503 1227 685 1286 quam
716 1206 794 1266 ad
825 1226 959 1266 eam
990 1226 1126 1284 quae
1169 1207 1245 1265 ab
1289 1205 1500 1265 eadem
1542 1206 1727 1264 tertia
1767 1216 1859 1265 est
1905 1226 1993 1265 re-

250 1301 506 1361 motior:
552 1312 768 1361 contra
798 1321 963 1374 vem,
993 1301 1344 1380 incipiendo
1376 1322 1413 1360 a
1454 1301 1725 1374 minima,
1758 1320 1996 1379 semper

248 1396 449 1475 prima
477 1397 779 1455 minorem
808 1396 1111 1456 rationem
1139 1397 1328 1455 habet
1358 1396 1437 1455 ad
1467 1416 1604 1455 eam
1632 1415 1767 1474 quae
1796 1396 1996 1455 tertiae

249 1490 532 1570 proprior
571 1500 684 1564 est,
717 1511 900 1570 quam
940 1491 1020 1551 ad
1062 1510 1198 1551 eam
1227 1511 1363 1572 quae
1394 1511 1431 1550 a
1460 1491 1645 1550 tertia
1676 1499 1769 1551 est
1797 1510 1995 1550 remo-

250 1585 390 1644 tior.

337 1679 596 1752 Quarto,
632 1679 981 1757 incipiendo
1020 1701 1057 1739 a
1087 1680 1371 1752 maxima,
1403 1679 1673 1739 rationes
1714 1688 1858 1738 sunt
1898 1699 1994 1738 ex-

250 1797 542 1845 cessuum
562 1777 780 1857 quibus
810 1778 1074 1856 majores
1106 1787 1397 1857 superant
1440 1777 1736 1836 minores:
1782 1785 1998 1835 contra

249 1892 417 1944 vem,
442 1871 792 1950 incipiendo
817 1893 853 1931 a
874 1873 1148 1946 minima,
1172 1873 1442 1932 rationes
1474 1883 1618 1932 sunt
1644 1872 1997 1932 defectuum

252 1966 469 2047 quibus
512 1967 780 2026 minores
830 1967 1124 2027 deficiunt
1154 1989 1190 2027 a
1219 1968 1644 2047 magnitudine
1676 1968 1994 2044 majorum.

337 2061 592 2132 Quinto,
625 2062 782 2121 ratio
813 2063 1013 2122 tertiae
1045 2063 1123 2122 ad
1153 2064 1397 2122 tertiam
1435 2062 1597 2142 (quae
1628 2071 1719 2121 est
1749 2062 1998 2141 aequali-

251 2156 374 2234 tas)
401 2156 466 2215 in
484 2156 823 2216 rationibus
848 2177 1206 2217 excessuum
1228 2159 1430 2217 minor
1454 2168 1546 2217 est
1569 2157 1735 2216 omni
1758 2157 1996 2216 ratione

159 2290 164 2293 -
253 2269 564 2310 excessus:
609 2261 826 2311 contra
869 2272 1036 2326 ver0,
1067 2254 1224 2313 ratio
1255 2253 1621 2332 aequalitatis
1662 2253 1859 2330 major
1901 2262 1995 2310 est

254 2346 421 2406 omni
476 2346 714 2407 ratione
763 2347 1069 2408 defectus:
1124 2360 1186 2408 et
1233 2349 1376 2427 quia
1426 2347 1583 2407 ratio
1631 2347 1994 2426 aequalitatis

255 2440 563 2518 qua-ntitas
604 2462 730 2501 non
772 2451 883 2515 est,
915 2443 1031 2502 erit
1060 2444 1372 2522 quantitas
1411 2441 1666 2501 rationis
1715 2441 1992 2500 defectus

255 2534 457 2594 minor
493 2535 705 2609 nihilo,
743 2545 917 2596 tanto
949 2546 1179 2616 quanto
1219 2537 1378 2597 ratio
1421 2555 1704 2595 excessus
1745 2536 1862 2614 ipsi
1899 2555 1994 2594 re-

258 2628 562 2705 spondens
590 2631 786 2708 major
809 2640 903 2690 est
932 2631 1142 2691 nihilo,

345 2721 625 2801 Exempli
661 2725 891 2802 gratia:
937 2734 1324 2805 exponantur
1409 2744 1489 2789 81.
1560 2740 1640 2791 27.
1712 2744 1758 2790 9.
1831 2743 1875 2788 3.
1953 2744 1993 2787 1.

257 2815 322 2874 in
356 2817 631 2894 margine
672 2819 900 2878 eaedem
947 2821 1323 2899 magnitudi-
1443 2821 1489 2866 2.
1600 2821 1641 2866 1.
1712 2822 1759 2866 0.
1836 2821 1876 2865 1.
1946 2821 1991 2865 2.

257 2928 367 2968 nes
394 2911 910 2988 proportionales:
942 2924 1002 2974 et
1033 2916 1175 2995 quia
1204 2917 1361 2976 ratio
1395 2923 1465 2976 81
1504 2916 1584 2976 ad
1613 2923 1650 2975 9
1684 2916 1995 2995 duplicata

260 3011 352 3062 est
379 3003 632 3063 rationis
664 3007 740 3072 27
772 3005 852 3064 ad
880 3013 940 3080 9,
972 3009 1082 3068 sub
1116 3016 1187 3069 81
1224 3021 1492 3088 ponatur
1536 3019 1612 3079 23
1660 3020 1722 3069 et
1764 3011 1875 3069 sub
1914 3014 1993 3076 27

258 3106 524 3174 ponatur
562 3105 613 3170 1,
645 3118 780 3176 quae
812 3101 1158 3178 significent
1188 3104 1564 3183 duplicatam
1600 3105 1902 3163 rationem
1934 3112 1994 3162 et

11 3258 14 3259 ⁷
42 3261 44 3263 ι
258 3210 444 3249 unam
501 3192 836 3262 rationem;
894 3207 1159 3273 ponatur
1217 3210 1423 3258 autem
1483 3200 1715 3278 cyphra
1773 3200 1883 3257 sub
1931 3204 1990 3269 9,

7 3334 38 3383 4
257 3295 582 3364 propterea
612 3290 775 3364 quod
804 3289 961 3348 ratio
991 3297 1029 3349 9
1061 3291 1139 3351 ad
1168 3300 1205 3352 9
1227 3294 1537 3372 quantitas
1567 3315 1692 3353 non
1724 3303 1834 3352 est.
1900 3291 1993 3350 Si-

11 3381 36 3407 '²‘
259 3380 484 3438 militer
514 3381 625 3440 sub
664 3389 686 3440 l
724 3394 988 3460 ponatur
1017 3393 1074 3458 2,
1108 3396 1169 3446 et
1199 3390 1309 3448 sub
1343 3397 1378 3448 3
1409 3397 1675 3467 ponatur
1713 3395 1760 3446 1.
1806 3385 1990 3444 Vides

259 3473 464 3551 itaque
509 3475 807 3534 rationem
849 3483 918 3536 81
958 3479 1036 3538 ad
1070 3481 1103 3538 9
1145 3480 1330 3560 duplo
1377 3484 1671 3560 majorem
1720 3499 1847 3538 esse
1892 3498 1988 3537 ra-

260 3568 428 3626 tione
458 3571 536 3635 27
568 3569 646 3628 ad
675 3577 734 3642 9,
766 3571 908 3649 quia
936 3574 1202 3634 rationes
1247 3577 1366 3636 illae
1411 3585 1554 3636 sunt
1600 3585 1668 3634 ut
1712 3574 1846 3632 duae
1894 3593 1988 3631 ra-

261 3661 459 3721 tiones
511 3681 792 3724 excessus
842 3665 921 3726 ad
964 3687 1184 3729 unam:
1232 3669 1380 3729 item
1432 3670 1729 3730 rationem
1768 3676 1788 3725 l
1827 3667 1904 3726 ad
1949 3675 1987 3727 9

1674 3781 1820 3822 FF2
