2522 4152
586 373 1106 417 MATHEMATICAE
1142 373 1544 415 HODIERNAE.
1838 362 1910 416 21

191 527 252 577 et
302 516 654 576 discretam.
771 514 986 592 Itaque
1043 521 1113 571 ut
1170 512 1474 571 rationem
1532 513 1610 573 ad
1672 513 1918 593 aliquod
1979 531 2230 567 numerus

191 610 601 689 quantitatum
659 629 850 687 genus
895 607 1175 680 referam,
1236 608 1541 684 quantitas
1596 609 1920 668 dividenda
1983 661 1990 671 ,
2086 602 2119 634 ¹·
2210 658 2220 669 ,

190 706 372 764 estin
402 704 741 763 absolutam
771 714 832 761 et
862 702 1196 771 relativam.
1277 701 1572 760 Absoluta
1602 711 1693 761 est
1724 703 1922 782 longi-

189 799 438 872 tudinis,
470 797 829 877 superficiei,
861 796 1038 856 solidi
1082 795 1396 874 temporiS,
1441 805 1663 869 motuS,
1703 818 1812 875 per
1858 819 1921 858 se

190 893 575 953 considerata
604 893 931 971 quantitas,
992 890 1273 950 Relativa
1311 900 1424 962 est,
1478 910 1598 968 qua
1639 890 1924 951 determi-

189 997 372 1047 natur
395 997 623 1066 quanta
652 987 731 1046 sit
762 986 1050 1065 quaelibet
1082 985 1386 1047 dictarum
1414 985 1923 1062 magnitudinum,

190 1093 261 1142 ut
296 1094 648 1162 comparata
687 1103 826 1141 cum
867 1082 985 1141 alia
1034 1080 1306 1160 ejusdem
1356 1081 1614 1159 generis,
1690 1080 1923 1140 Deinde

191 1179 468 1238 absoluta
497 1178 805 1256 quantitas
838 1177 956 1236 alia
985 1187 1075 1236 est
1118 1195 1461 1254 corporum,
1492 1187 1561 1234 ut
1605 1174 1922 1254 longitudo

193 1274 505 1352 corporis;
570 1274 690 1333 alia
734 1272 1044 1351 temporiS,
1092 1281 1163 1330 ut
1214 1269 1534 1349 longitudo
1592 1270 1922 1347 temporis3

192 1367 312 1427 alia
339 1377 562 1441 motUS,
592 1377 664 1426 ut
693 1367 982 1426 velocitas
1014 1375 1074 1425 et
1102 1365 1361 1444 pondus.
1434 1364 1589 1424 Item
1618 1365 1927 1424 rationum

194 1462 314 1522 alia
342 1472 434 1522 est
462 1462 852 1541 geometrica,
884 1461 1003 1520 alia
1034 1459 1437 1519 arithmetica.

276 1557 357 1616 B.
404 1558 476 1616 In
506 1577 626 1635 quo
680 1576 824 1635 ergo
865 1575 1089 1635 genere
1123 1554 1301 1633 ponis
1338 1554 1644 1614 rationem
1689 1554 1930 1615 numeri

196 1650 275 1711 ad
304 1670 626 1710 numerum
653 1651 673 1710 ?

277 1746 358 1805 A.
405 1745 731 1804 Rationem
768 1754 895 1804 tam
934 1744 1371 1823 geometricam
1413 1765 1595 1824 quam
1642 1743 1931 1804 arithme-

194 1840 379 1899 ticam
410 1839 614 1899 divido
645 1841 707 1899 in
753 1841 1055 1900 rationem
1084 1840 1175 1899 rei
1214 1840 1293 1899 ad
1330 1860 1479 1912 rem,
1525 1849 1588 1899 et
1634 1839 1932 1899 rationem

194 1955 399 1994 rerum
445 1935 523 1995 ad
560 1956 677 1995 res,
765 1937 1026 1996 Putasne
1073 1935 1136 1994 in
1178 1935 1302 1995 ullo
1353 1935 1472 1994 alio
1519 1935 1934 2014 quantitatum

195 2050 418 2109 genere
442 2031 726 2091 collocari
746 2041 1027 2111 oportere
1051 2031 1352 2090 rationem
1376 2029 1633 2088 duarum
1651 2030 1935 2088 ulnarum

197 2125 277 2184 ad
305 2125 455 2184 duos
484 2126 738 2204 palmOS‚
761 2146 943 2205 quam
972 2126 1033 2185 in
1068 2146 1186 2204 qua
1217 2125 1551 2185 collocatur
1572 2124 1728 2184 ratio
1753 2124 1932 2183 unius

196 2219 357 2280 ulnae
403 2220 481 2279 ad
526 2220 796 2298 palmum
835 2219 1071 2280 unum?
1147 2221 1273 2280 Aut
1318 2220 1616 2279 rationem
1665 2219 1932 2298 plurium

199 2313 277 2373 ad
305 2314 481 2393 plura
509 2315 689 2374 aliam
720 2335 849 2375 esse
894 2315 1159 2394 speciem
1199 2315 1472 2388 rationis,
1527 2335 1710 2393 quam
1754 2315 1932 2373 unius

199 2408 279 2468 ad
306 2429 495 2468 unum
522 2409 541 2467 ?
623 2410 748 2470 Aut
779 2411 960 2470 aliam
998 2410 1243 2489 quidem
1275 2429 1407 2469 esse
1451 2410 1715 2489 speciem
1746 2429 1934 2489 quan-

199 2503 394 2563 titatis
425 2513 548 2563 tres
578 2505 772 2578 ulnaS,
804 2505 985 2564 aliam
1014 2515 1218 2564 autem
1257 2525 1443 2564 unam
1482 2503 1735 2564 ulnam?
1809 2505 1935 2564 Aut

203 2597 462 2677 denique
508 2599 808 2659 rationem
853 2600 1032 2659 unius
1077 2600 1239 2659 ulnae
1278 2599 1358 2659 ad
1401 2609 1522 2658 tres
1567 2599 1761 2673 ulnaS‚
1811 2618 1935 2657 non

203 2692 457 2752 eandem
488 2712 636 2766 esse,
669 2714 853 2773 quam
881 2695 1067 2754 habet
1097 2715 1288 2753 unum
1318 2694 1397 2753 ad
1425 2694 1544 2753 tria
1569 2693 1589 2752 ?

285 2784 362 2845 Β.
411 2787 567 2846 Sunt
592 2788 837 2866 quidem
859 2789 991 2848 haec
1021 2789 1109 2848 ita
1134 2789 1474 2863 manifesta,
1500 2798 1570 2848 ut
1588 2787 1934 2847 mirandum

207 2878 284 2939 sit
312 2881 703 2942 Aristotelem
742 2884 1147 2962 quantitatem
1194 2883 1521 2943 discretam
1569 2884 1933 2943 nominasse.

208 2973 318 3033 Est
361 2976 522 3035 enim
571 2978 727 3036 ratio
767 2979 1005 3037 numeri
1057 2978 1135 3037 ad
1182 2999 1503 3038 numerum
1553 2978 1705 3037 nihil
1751 2976 1934 3048 aliud,

211 3087 392 3146 quam
431 3071 587 3131 ratio
630 3072 898 3150 partium
938 3073 1346 3151 aliquotarum
1394 3073 1750 3151 quantitatis
1798 3091 1939 3130 con·

211 3161 396 3222 tinuae
425 3165 504 3224 ad
532 3167 888 3244 quantitatis
928 3168 1235 3227 continuae
1279 3177 1481 3246 partes
1522 3167 1838 3245 aliquotas,
1875 3175 1938 3222 et

213 3254 373 3314 inter
422 3276 484 3316 se
534 3270 595 3319 et
631 3261 748 3320 illis
799 3262 1080 3339 aequales.
1185 3262 1420 3340 Itaque,
1470 3270 1538 3320 ut
1589 3280 1758 3319 more
1800 3278 1936 3317 meo

216 3367 354 3406 cum
410 3350 807 3415 Aristotelicis
872 3356 1107 3434 loquar,
1182 3355 1340 3415 sicut
1418 3355 1584 3414 calor
1647 3375 1684 3413 a
1740 3351 1936 3412 calido

214 3442 531 3515 abstrahit,
577 3446 664 3505 ita
713 3468 1000 3509 numerus
1051 3450 1352 3509 abstrahit
1398 3450 1475 3509 ab
1523 3448 1938 3527 inaequalitate

212 3536 495 3613 partium,
521 3537 664 3598 dum
695 3543 1161 3605 considerantur
1183 3554 1390 3623 partes
1415 3563 1539 3603 non
1565 3542 1738 3603 aliter
1758 3558 1938 3618 quam

218 3639 514 3708 quatenus
543 3632 762 3710 plures.
