2462 4120
245 627 292 657 V.

144 682 381 710 b-Y--ae

461 382 571 435 186
814 392 1259 436 EXAMINATIO
1295 395 1378 436 ET
1412 395 1823 437 EMENDA'no

51 541 53 543 ’
133 558 383 591 υιΑιοουε
452 531 788 592 rationibus
826 539 848 589 l
887 531 966 590 ad
995 540 1030 590 4
1065 541 1127 591 et
1166 540 1187 592 l
1215 533 1294 592 ad
1319 540 1377 593 4.
1466 533 1625 594 Nam
1650 535 1808 594 ratio
1839 543 1875 594 2
1898 533 1976 593 ad
2007 540 2043 591 4
2077 533 2187 592 du-

451 627 676 705 plicata
724 636 882 684 esset
931 627 1186 686 rationis
1234 635 1256 686 l
1305 627 1383 686 ad
1415 636 1471 687 4.
1563 629 1684 687 Sed
1733 629 1889 687 ratio
1937 635 1960 686 l
1998 626 2077 686 ad
2115 633 2185 685 16

453 720 762 798 duplicata
792 727 884 778 est
914 720 1169 780 rationis
1202 729 1220 780 l
1250 721 1328 779 ad
1350 730 1408 780 4.
1481 723 1658 781 Esset
1687 742 1832 800 ergo
1862 731 1931 781 ut
1962 730 1997 780 2
2024 720 2103 779 ad
2125 728 2186 792 4,

453 814 541 872 ita
578 821 601 872 l
640 812 719 872 ad
757 819 847 872 16.
937 813 1259 872 Conclusio
1311 824 1537 886 autem,
1591 835 1770 893 quam
1816 814 2066 874 deducit
2114 833 2189 872 ex

453 909 569 967 hac
625 907 1038 986 propositione
1088 907 1294 979 xxxix,
1327 917 1421 966 est
1463 909 1798 985 propositio
1845 909 1926 980 xl,
1971 927 2189 986 nempe

453 1003 622 1062 haec:
670 1002 743 1061 Si
780 1009 1179 1082 proponatur
1208 1002 1402 1060 Series
1447 1002 1859 1080 quantitatum
1889 1002 1951 1061 in
1983 1002 2191 1083 tripli-

456 1105 602 1156 cata
667 1096 913 1155 ratione
977 1094 1360 1153 arithmetice
1419 1095 2005 1174 proportionalium,
2064 1096 2191 1155 sive

438 1191 633 1267 juxta
671 1189 892 1247 seriem
921 1207 1301 1246 numerorum
1335 1187 1676 1247 cubicorum
1722 1188 1996 1247 continue
2026 1209 2191 1248 cre-s·-

456 1284 733 1355 centium,
759 1303 799 1341 a
816 1290 1050 1362 puncto
1079 1281 1178 1339 vel
1204 1288 1242 1340 Ο
1283 1280 1700 1340 inchoatarum
1719 1304 1742 1349 ;
1785 1282 1970 1355 rati0,
2011 1303 2192 1362 quam

455 1378 637 1438 habet
681 1378 798 1436 illa
839 1376 929 1436 ad
974 1375 1192 1434 seriem
1240 1375 1490 1434 totidem
1539 1376 1819 1435 maximce
1855 1376 2191 1455 aequalium,

455 1470 983 1552 subquadruplum
1035 1469 1356 1549 superabit
1378 1493 1401 1537 ;
1473 1470 1719 1550 eritque
1773 1491 2062 1530 excessus
2119 1490 2195 1529 ea

456 1568 642 1639 rati0‚
674 1586 855 1646 quam
885 1563 1064 1623 habet
1112 1564 1320 1624 unitas
1367 1565 1457 1624 ad
1502 1565 1918 1646 quadruplum
1962 1564 2195 1624 numeri

457 1662 848 1720 terminorum
866 1666 1017 1738 post
1047 1665 1083 1718 Ο
1109 1681 1132 1727 ;
1176 1658 1322 1732 sive,
1354 1680 1530 1738 quam
1554 1659 1735 1720 habet
1763 1660 1949 1719 radix
1978 1658 2194 1718 cubica

458 1755 706 1814 termini
769 1753 959 1833 primi
1005 1761 1159 1831 post
1217 1760 1275 1825 Ο,
1333 1753 1423 1812 ad
1485 1754 1895 1834 quadruplum
1952 1753 2194 1813 radicis

457 1849 675 1908 cubicae
706 1847 951 1907 termini
981 1847 1249 1906 maximi.

543 1943 621 2001 B.
670 1942 825 2014 Erit,
872 1941 1090 2019 inquit,
1147 1961 1428 2001 excessus
1475 1943 1730 2001 rationis
1776 1962 1958 2020 quam
2010 1942 2197 2001 habet

458 2037 642 2095 series
672 2036 1077 2095 crescentium
1124 2036 1201 2095 ἃᾶ
1240 2036 1498 2095 totidem
1528 2037 1841 2104 maximam,
1889 2056 2072 2114 supra
2098 2055 2196 2095 ra-

457 2131 688 2189 tionem
719 2129 1253 2208 subquadruplam,
1280 2150 1352 2189 ea
1383 2131 1541 2190 ratio
1568 2151 1751 2209 quarn
1779 2131 1965 2190 habet
1992 2130 2196 2189 unitas

458 2225 536 2284 ad
567 2225 970 2303 quadruplum
993 2225 1233 2283 numeri
1257 2226 1659 2284 terminorum
1689 2235 1827 2304 post
1850 2232 1909 2285 Ο.
1982 2223 2056 2283 Ι(1
2085 2233 2196 2296 est,

458 2329 522 2386 in
552 2328 668 2387 hac
699 2329 851 2387 serie
890 2315 947 2409 ΞΣ
968 2316 985 2407 ζ
1006 2315 1103 2410 12,
1124 2330 1280 2388 ratio
1303 2336 1340 2388 9
1367 2329 1445 2388 ad
1467 2338 1545 2388 24
1572 2329 1881 2407 superabit
1899 2329 2199 2388 rationem

459 2426 994 2504 subquadruplam‚
1027 2438 1088 2486 et
1118 2447 1396 2486 excessus
1429 2427 1544 2486 erit
1573 2427 1730 2485 ratio
1770 2434 1791 2485 l
1830 2425 1909 2485 ad
1940 2432 1997 2484 8.

545 2519 623 2578 A.
671 2520 893 2580 Nonne
925 2541 1070 2599 ergo
1101 2521 1258 2580 ratio
1301 2529 1323 2580 l
1361 2519 1440 2579 ad
1471 2527 1527 2591 8,
1566 2520 1903 2599 composita
1933 2540 2074 2578 cum
2101 2539 2196 2578 ra—

459 2614 626 2673 tione
657 2615 1129 2694 subquadrupla,
1159 2615 1344 2675 faciet
1373 2615 1674 2674 rationem
1704 2621 1741 2673 9
1775 2614 1852 2673 ad
1884 2622 1959 2674 24
1990 2614 2010 2672 ?

546 2709 627 2768 B.
675 2709 1045 2770 Certissime.

546 2803 626 2861 A.
675 2803 796 2862 Sed
825 2804 981 2863 ratio
1010 2813 1031 2863 1
1061 2804 1141 2864 ad
1172 2811 1229 2877 8,
1251 2813 1313 2863 et
1342 2805 1500 2862 ratio
1533 2810 1570 2862 6
1592 2804 1671 2862 ad
1694 2812 1793 2874 24,
1817 2803 1882 2862 id
1913 2813 2026 2875 est,
2059 2803 2200 2861 sub·

462 2897 818 2976 quadrupla,
864 2898 1099 2957 faciunt
1150 2898 1451 2958 rationem
1489 2905 1525 2955 6
1559 2898 1637 2956 ad
1674 2906 1807 2957 192.
1895 2899 2007 2956 Est
2053 2917 2199 2975 ergo

461 3004 531 3051 ut
559 2998 597 3050 9
629 2991 708 3050 ad
739 2999 814 3050 24
861 2992 946 3069 ita
981 3000 1018 3051 6
1050 2993 1128 3052 ad
1160 3000 1291 3052 192.
1381 2992 1494 3050 Vel
1534 2992 1585 3050 si
1634 3001 1942 3071 ponantur
1989 2991 2202 3051 ordine

464 3087 529 3146 hi
557 3086 795 3145 numeri
824 3093 881 3158 9,
916 3095 973 3159 6,
1000 3093 1099 3159 24,
1129 3087 1286 3145 ratio
1317 3094 1354 3144 6
1388 3086 1467 3143 ad
1497 3094 1574 3144 24
1609 3096 1699 3146 est
1730 3085 2201 3166 subquadrupla.

468 3182 730 3259 Superat
761 3189 964 3239 autem
989 3182 1147 3240 ratio
1179 3189 1217 3240 9
1248 3181 1325 3239 ad
1349 3188 1426 3239 24
1454 3181 1755 3240 rationem
1785 3188 1822 3239 6
1844 3181 1922 3239 ad
1952 3189 2029 3240 24
2065 3180 2205 3239 sub-

468 3273 888 3354 quadruplam,
940 3275 1178 3335 ratione
1209 3283 1247 3334 9
1278 3274 1357 3334 ad
1387 3281 1445 3332 6.
1532 3275 1643 3334 Est
1690 3295 1835 3354 ergo
1882 3285 1951 3334 ut
1995 3282 2032 3334 9
2057 3274 2135 3333 ad
2165 3281 2203 3333 6

466 3371 553 3429 ita
608 3376 628 3427 l
678 3367 757 3426 ad
807 3375 864 3427 8.
970 3369 1208 3428 Siccine
1268 3368 1466 3428 solent
1518 3383 1785 3442 γεωμετρεῖν
1834 3369 2204 3448 professores

467 3461 735 3542 publici?

551 3558 630 3616 B.
676 3556 953 3615 Eundem
985 3567 1146 3615 errat
1177 3577 1466 3629 errorem,
1497 3577 1660 3617 nunc
1692 3567 1753 3616 et
1782 3565 1942 3616 ante.

548 3650 626 3711 A.
673 3650 907 3711 Deinde
953 3650 1116 3729 quod
1163 3651 1387 3710 infert:
1443 3651 1589 3710 Cum
1629 3659 1851 3722 autem,
1891 3657 2205 3711 crescente
