2462 4120
782 342 1086 384 CUBA'no
1124 344 1440 387 SPHAERAE.
1847 339 1965 392 503

236 490 298 541 et
349 480 659 540 semissem
719 480 908 559 ipsius
955 481 1057 539 Ze.
1147 481 1532 544 Quadratum
1579 494 1782 545 autem
1821 506 1858 546 a
1885 488 1968 545 Zc

234 575 462 657 aequale
507 584 597 635 est
628 582 699 649 62¹,-
731 574 1044 654 quadratis
1075 596 1111 634 a
1140 577 1357 654 quinta
1400 588 1574 656 parte
1620 600 1795 639 arcus
1842 580 1965 640 BC.

235 669 541 728 Differunt
599 689 745 748 ergo
802 689 1012 728 rursus
1067 670 1281 729 eadem
1333 673 1570 732 ratione
1627 694 1746 753 qua
1802 685 1965 735 ante.

235 765 557 835 Praeterea,
589 763 888 842 quadrata
917 764 992 822 ab
1023 761 1113 836 eb,
1144 785 1260 836 mn,
1293 765 1377 838 kl,
1409 768 1548 845 quia
1591 779 1733 828 sunt
1767 769 1831 828 in
1870 789 1967 829 ra-

235 859 403 918 tione
433 858 873 938 quadratorum
904 858 979 917 ab
1010 858 1125 929 An,
1153 857 1253 930 Al,
1279 858 1387 937 Af,
1417 860 1481 919 id
1511 871 1603 921 est
1629 862 1693 921 in
1731 862 1968 922 ratione

231 952 670 1032 quadratorum
696 953 772 1012 ab
795 952 920 1024 AZ,
943 951 1056 1024 Ah,
1081 952 1192 1024 Ae,
1215 953 1527 1014 habebunt
1552 956 1765 1014 eodem
1785 957 1968 1016 modo

234 1047 536 1106 calculum
594 1047 1038 1126 geometricum
1090 1048 1165 1106 ab
1221 1048 1611 1108 arithmetico
1666 1050 1970 1111 diversum

235 1142 395 1202 sicut
422 1143 546 1216 illa,
577 1163 796 1221 nempe
841 1151 911 1201 ut
940 1161 1049 1220 per
1078 1141 1383 1222 Regulam
1414 1142 1686 1203 Auream
1716 1144 1972 1222 quadra-

235 1247 369 1297 tum
399 1238 476 1297 ab
507 1237 604 1297 Alc
632 1237 729 1297 vel
760 1237 829 1296 kl
856 1239 1050 1316 majus
1074 1238 1242 1316 justo
1285 1238 1365 1297 sit
1394 1247 1623 1316 quanto
1654 1240 1849 1317 majus
1880 1250 1972 1298 est

229 1330 287 1408 -Ξ-
313 1327 556 1411 ᾳυειῐῐιζ-
588 1332 768 1391 unius
797 1331 1068 1391 unitatiS.

320 1427 655 1499 PostremO,
677 1427 819 1506 quia
848 1426 1215 1505 quadrat-um
1246 1446 1283 1485 a
1313 1426 1416 1485 CG
1445 1425 1578 1503 (16)
1606 1436 1698 1486 est
1726 1426 1802 1485 ad
1833 1447 1976 1506 qua-

155 1581 158 1583 .
238 1522 483 1581 dratum
533 1542 570 1581 a
606 1522 689 1580 Ze
724 1521 857 1598 (10)
894 1531 963 1580 ut
1013 1528 1083 1580 16
1128 1521 1207 1580 ad
1246 1528 1338 1594 10,
1387 1521 1512 1580 sive
1554 1531 1626 1580 ut
1674 1528 1745 1581 10
1775 1521 1854 1580 ad
1882 1529 1977 1602 δὲ,

237 1616 604 1696 quadratum
650 1616 725 1675 ab
774 1613 845 1674 eb
881 1615 1006 1675 sive
1046 1616 1137 1674 Ae
1180 1615 1273 1690 (ut
1321 1625 1463 1675 ante
1508 1625 1819 1675 ostensum
1854 1619 1972 1692 est)

237 1711 356 1770 erit
384 1711 493 1776 631:
540 1708 705 1789 quod
758 1710 1064 1769 consentit
1109 1730 1248 1769 cum
1299 1710 1532 1769 calculo
1579 1711 1975 1788 geometrica

240 1805 363 1865 Sed
391 1805 690 1885 quadrata
718 1804 823 1863 illa
863 1824 989 1862 non
1035 1814 1180 1863 sunt
1218 1804 1591 1877 immediata,
1622 1805 1763 1884 quia
1791 1805 1978 1865 inter-

236 1909 552 1978 ponuntur
582 1897 879 1977 quadrata
909 1898 984 1956 ab
1011 1898 1128 1958 ΥΘ,
1159 1906 1222 1957 et
1251 1898 1370 1957 kL.

322 1993 538 2073 Neque
575 1993 796 2051 mirum
834 1991 1029 2052 videri
1081 1992 1283 2066 debet,
1317 1993 1364 2052 si
1406 1993 1672 2052 calculus
1710 2012 1820 2071 per
1858 1991 1979 2051 Re-

233 2088 452 2170 gulam
483 2086 760 2146 Auream
787 2087 1089 2166 producat
1123 2107 1446 2147 numerum
1475 2089 1766 2166 majorem
1796 2107 1976 2166 quam

240 2182 506 2245 calculus
534 2202 644 2260 per
673 2182 806 2259 ipsa
833 2182 1017 2261 plana
1039 2182 1436 2261 geometrica.
1499 2183 1659 2241 Nam
1688 2200 1977 2240 numerus

240 2287 332 2336 est
361 2277 733 2356 quantitates
766 2276 1068 2349 discretae,
1100 2277 1165 2334 in
1195 2277 1413 2355 quibus
1453 2297 1575 2336 una
1619 2297 1752 2336 cum
1787 2276 1980 2335 altera

238 2372 391 2431 nihil
439 2373 626 2431 habet
670 2391 1013 2444 commune,
1047 2372 1153 2432 sed
1200 2382 1296 2431 tot
1327 2391 1539 2431 revera
1569 2382 1711 2430 sunt
1740 2390 1836 2430 res
1866 2389 1978 2428 nu-

239 2477 490 2527 meratae
535 2475 683 2546 quot
732 2475 1153 2526 numerantur.
1248 2467 1566 2527 Quadrata
1608 2475 1812 2525 autem
1846 2465 1978 2523 haec

240 2572 384 2622 sunt
434 2561 742 2641 quantitas
792 2581 916 2620 una
963 2561 1275 2634 continua,
1336 2582 1466 2640 quae
1518 2581 1657 2619 cum
1715 2560 1980 2619 habeant

239 2665 502 2734 quatuor
558 2655 752 2713 latera
809 2655 1287 2734 unumquodque
1344 2676 1467 2715 non
1526 2655 1816 2733 contigua
1873 2653 1980 2712 sed

241 2750 552 2822 continua,
584 2748 823 2827 quoties
863 2749 1352 2827 multiplicantur
1397 2749 1579 2808 toties
1626 2748 1864 2826 singula
1892 2748 1979 2806 la-

240 2854 375 2904 tera
431 2843 646 2902 eadem
704 2862 961 2901 numero
1019 2853 1440 2916 numerantur,
1489 2843 1554 2902 id
1604 2853 1715 2915 est,
1761 2862 1979 2900 unum-

242 2938 530 3018 quodque
578 2937 740 2996 latus
801 2937 1264 3016 multiplicatur,
1324 2948 1386 2997 et
1442 2937 1697 3016 proinde
1747 2936 1980 2995 faciunt

241 3053 566 3094 numerum
596 3032 1035 3111 quadratorum
1062 3035 1231 3112 justo
1263 3033 1574 3110 majorem.

327 3130 482 3188 Haec
520 3127 673 3200 fuse,
716 3137 779 3185 et
835 3126 930 3202 (ut
962 3128 1171 3204 credo)
1222 3126 1541 3205 perspicue
1593 3121 1870 3202 explicui,
1912 3129 1980 3178 ut

242 3223 438 3282 sciant
476 3222 726 3282 tandem
766 3232 1098 3299 geometrae
1145 3222 1248 3300 qui
1285 3221 1466 3300 plana
1497 3218 1696 3278 metiri
1727 3234 1979 3274 consue-

242 3326 463 3376 verunt
518 3336 628 3395 per
673 3315 984 3395 Regulam
1027 3314 1298 3375 Auream
1346 3315 1441 3375 vel
1493 3333 1600 3392 per
1652 3310 1977 3387 algebram,

244 3409 474 3470 frustra
503 3430 565 3470 se
595 3409 818 3469 facere.

2045 510 2181 541 PROP.
2209 510 2259 541 X.

2030 565 2269 595 b—-r--ae
