2462 4120
750 396 1172 441 DUPLICATIO
1210 400 1395 443 cum.
1817 386 1934 451 507

201 542 492 622 angulum
522 549 759 600 rectum
789 540 853 599 in
883 539 1192 617 triangulo
1223 543 1396 620 cujus
1426 542 1938 622 utrumque‘latus
1994 561 2132 594 PRoP·
2153 560 2246 593 ΧΠ.

201 637 367 697 circa
414 636 707 715 angulum
752 643 988 693 rectum
1020 634 1251 713 aequale
1301 646 1391 695 est
1432 637 1610 697 lateri
1649 638 1791 696 cubi
1821 638 1936 697 Ga.

200 732 364 791 Nam
394 731 682 790 subtensa
710 729 814 788 illa
844 728 1097 807 duplum
1120 738 1327 806 potest
1356 740 1540 790 rectae
1570 731 1684 790 Ga.
1732 732 1938 792 Quare

199 825 477 906 potentia
522 823 806 883 diametri
842 823 934 883 Oo
964 823 1260 901 potentiae
1295 823 1454 882 illius
1498 826 1802 885 subtensae
1848 834 1940 886 est

201 919 618 998 sesquialtera.
708 919 923 997 Itaque
970 917 1262 976 subtensa
1295 916 1399 976 illa
1430 929 1522 976 est
1565 918 1723 978 latus
1753 929 1942 979 tetra-

202 1014 379 1075 hedri
400 1013 464 1073 in
489 1013 703 1072 eadem
722 1014 964 1092 sphaera
981 1011 1260 1090 inseripti
1278 1011 1409 1090 (per
1427 1013 1596 1070 Euel.
1622 1014 1746 1073 xiii.
1780 1017 1895 1091 13).

288 1109 624 1181 PostremO,
686 1108 846 1167 latus
907 1106 1224 1166 octahedri
1283 1106 1482 1167 eidem
1540 1108 1794 1183 sphaerae
1850 1110 1943 1168 in-

204 1203 438 1282 scripti,
471 1213 563 1262 est
591 1202 692 1276 Al,
739 1203 866 1262 sive
912 1202 1143 1262 chorda
1183 1201 1538 1281 quadrantis
1584 1203 1835 1262 maximi
1879 1204 1945 1263 in

203 1298 417 1358 eadem
456 1299 695 1378 sphaera
742 1297 975 1371 circuli,
1017 1299 1191 1376 cujus
1222 1297 1590 1376 quadratum
1631 1307 1722 1357 est
1767 1299 1947 1357 dimi-

203 1393 372 1452 dium
401 1392 683 1472 quadrati
712 1393 789 1451 ab
821 1391 948 1465 φοι
995 1392 1254 1471 ideoque
1294 1392 1458 1451 latus
1495 1400 1586 1451 est
1630 1392 1947 1452 oetahedri

204 1489 269 1548 in
293 1488 507 1549 eadem
538 1488 777 1568 sphaera
805 1487 1085 1567 inseripti
1120 1491 1255 1566 (per
1283 1487 1456 1547 Euel.
1488 1487 1617 1547 xiii.
1658 1487 1782 1565 14).

922 1720 1248 1727 ——-——-—

214 1931 504 1991 CONTRA
533 1930 805 1990 libellum
835 1931 999 1990 hunc
1023 1930 1255 2011 prodiit
1283 1950 1480 2009 nuper
1508 1930 1863 2009 geometriae
1887 1931 1952 1991 in

212 2026 546 2086 Academia
575 2026 908 2086 Oxoniensi
930 2026 1290 2105 professoris
1329 2025 1577 2105 publici,
1607 2026 1767 2104 typis
1799 2027 1955 2085 Aca-

214 2121 483 2194 demiciS,
541 2120 888 2180 Academiae
946 2121 1010 2180 in
1067 2121 1263 2200 prima
1314 2121 1538 2199 pagina
1587 2121 1953 2199 impressum

211 2216 443 2275 habens
487 2215 774 2294 sigillum,
820 2215 1194 2276 confutatio:
1255 2217 1566 2290 nimirum,
1615 2226 1686 2275 ut
1733 2216 1953 2275 scirem

214 2321 522 2371 certamen
571 2310 723 2370 mihi
761 2310 891 2370 fore
939 2322 1158 2371 eontra
1198 2311 1601 2391 geometriam
1631 2311 1956 2371 Academi-

215 2426 366 2466 cam.
456 2405 632 2470 Seio:
678 2414 860 2485 atque
908 2407 1094 2466 etiam
1135 2415 1349 2466 contra
1388 2417 1733 2484 geometras
1779 2406 1956 2467 hodi-

215 2520 394 2561 ernos
421 2500 550 2560 fere
589 2501 926 2560 universos,
1011 2501 1207 2561 Video
1254 2500 1742 2561 adversariorum
1782 2523 1956 2582 mag-

213 2615 363 2655 num
408 2595 760 2655 exereitum.
850 2597 914 2656 Si
964 2617 1091 2657 non
1141 2596 1501 2668 rationibUS‚
1534 2597 1642 2656 sed
1691 2597 1955 2657 fustibus

209 2690 667 2752 decernendum
698 2700 875 2761 esset,
906 2702 1264 2752 metuerem.
1354 2692 1538 2752 Nunc
1568 2712 1693 2752 non
1723 2706 1951 2751 metuo,

216 2785 357 2844 Hoc
394 2785 577 2844 volui.
663 2785 936 2864 Dignum
985 2787 1212 2846 habere
1256 2787 1690 2861 adversarium,
1736 2788 1786 2847 si
1829 2808 1955 2847 non

213 2881 461 2953 virtute,
494 2880 708 2939 saltem
754 2901 1009 2941 numero
1044 2882 1230 2942 volui.
1317 2883 1500 2942 Volui
1550 2884 1735 2942 etiam
1766 2883 1956 2942 arith-

214 2974 500 3034 meticam
535 2975 717 3033 istam
768 2975 1108 3054 Speciosam
1142 2996 1501 3054 provocare,
1530 2987 1599 3036 ut
1630 2997 1769 3035 cum
1799 2995 1955 3055 prae-

217 3069 429 3148 stigias
476 3087 628 3146 quas
678 3068 742 3126 in
788 3070 1124 3146 geometria
1160 3071 1364 3130 faeere
1408 3071 1586 3131 solita
1632 3080 1744 3144 est,
1777 3069 1956 3129 simul

218 3183 430 3223 omnes
473 3162 715 3242 publice
762 3172 1146 3234 ostentasset,
1191 3173 1393 3224 totum
1432 3166 1584 3224 illud
1627 3165 1953 3224 artificium

218 3257 526 3318 detectum
558 3277 595 3340 a
622 3257 958 3335 geometria
987 3257 1049 3316 in
1079 3268 1445 3338 perpetuum
1475 3259 1840 3337 ablegarem.

687 3462 781 3506 AD
815 3464 1388 3507 PROPOSITIONEM
1423 3466 1468 3507 Ι.

300 3570 642 3629 Confitetur
681 3569 989 3649 professor
1027 3570 1473 3639 Academicus;
1521 3569 1571 3628 si
1612 3568 1954 3641 PQL‚CYP

217 3674 360 3724 sunt
388 3665 662 3744 aequalia,
696 3676 896 3726 totum
927 3666 1301 3744 triangulum
1332 3664 1512 3725 AYQ
1561 3663 1789 3741 aequale
1820 3683 1951 3722 esse
