2462 4120
526 366 604 417 42
887 375 1332 418 ΕΧΑΜῙΝΑΤΙΟ
1368 378 1452 419 ET
1485 377 1895 419 EMENDATIO

207 538 457 570 nmmens
526 512 689 591 quod
719 521 781 572 et
808 533 1020 574 verum
1050 525 1162 587 est,
1195 525 1258 575 et
1282 515 1671 575 manifestum
1699 515 1846 575 facit
1875 515 2250 575 demonstra-

322 606 354 636 Ι.

217 662 453 689 κ-ῆμῄκ

525 608 757 666 tionem
794 617 1007 683 totam,
1055 611 1227 688 cujus
1279 609 1587 693 conclusio
1635 618 1745 682 est,
1794 609 1930 682 AC,
1979 610 2089 669 BC
2119 630 2252 668 esse

522 700 684 760 inter
721 722 787 761 se
824 703 1108 782 aeqnaZeS,
1152 724 1282 763 esse
1329 703 1909 763 demonstrationem
1956 703 2251 763 directam

522 809 601 852 τοῦ
635 804 759 854 διότι.
846 797 1007 857 Nam
1057 808 1380 877 utramque
1430 798 1566 871 AC,
1614 797 1725 857 BC
1774 798 2068 877 aequalem
2119 818 2250 857 esse

523 888 643 947 AB
701 889 1184 951 demonstratum
1250 903 1343 951 est
1399 910 1509 969 per
1565 910 1812 950 causam
1867 891 2248 964 efficientem,

522 1003 741 1062 nempe
796 1005 907 1063 per
970 986 1488 1045 constructionem
1548 981 1808 1044 duorum
1862 985 2247 1057 circulorum,

522 1079 881 1155 permutatis
939 1079 1181 1150 centris,
1271 1099 1451 1158 super
1509 1078 1763 1138 eandem
1819 1090 2050 1138 rectam
2107 1080 2244 1139 ΑΒ.

523 1171 655 1231 11110
685 1192 849 1246 vero,
898 1173 1110 1232 eadem
1155 1173 1259 1232 illa
1305 1173 1680 1233 constructio
1726 1193 1910 1232 causa
1954 1182 2046 1233 est
2084 1173 2250 1252 quod

523 1265 659 1324 duae
688 1267 785 1326 vel
814 1267 1055 1345 quotvis
1084 1268 1260 1326 lineae
1300 1276 1486 1327 rectae
1525 1268 1686 1326 inter
1725 1286 1787 1326 se
1817 1266 2077 1345 aequales
2108 1268 2248 1327 sint.

523 1362 683 1421 Nam
713 1362 938 1434 radius,
971 1382 1091 1440 quo
1115 1362 1375 1421 circulus
1400 1362 1782 1434 describitur,
1805 1370 2119 1420 mensurat
2140 1381 2250 1440 per

521 1468 766 1531 ἐφάρμοων
797 1456 1147 1515 distantiam
1187 1477 1223 1516 a
1252 1465 1463 1516 centro
1500 1456 1579 1516 ad
1608 1454 2158 1515 circumferentiam
2185 1454 2250 1513 in

519 1550 669 1610 locis
713 1550 967 1610 infinitis
1012 1549 1288 1610 eandem.
1374 1550 1517 1610 Non
1558 1569 1703 1628 ergo
1733 1559 1830 1609 est
1865 1549 1970 1609 illa
1999 1548 2250 1609 demon-

520 1644 756 1704 strandi
782 1645 939 1704 ratio
962 1645 1268 1704 ostensiva
1294 1660 1374 1704 τοῦ
1396 1656 1481 1703 ὅτι.

606 1738 688 1798 Α.
733 1739 948 1817 Neque
970 1739 1171 1817 placet
1198 1739 1348 1797 mihi
1372 1738 1474 1797 illa
1501 1738 1633 1817 ipsa
1660 1737 1967 1797 distinctio
1998 1736 2247 1797 demon-

522 1834 833 1893 strationis
860 1834 924 1892 in
955 1832 1319 1892 ostensivam
1350 1840 1411 1891 et
1442 1831 1826 1891 deductivam
1856 1831 1946 1890 ad
1972 1831 2247 1911 impossi-

522 1927 663 1987 bile.
751 1927 893 1987 Non
923 1927 1086 1985 enim
1113 1925 1390 2004 loquutio
1431 1933 1522 1985 est
1563 1925 1800 1984 doctori
1835 1925 2245 1998 scientiarum,

516 2022 853 2100 praesertim
884 2019 1472 2094 mathematicarum,
1513 2019 1661 2077 satis
1692 2027 1996 2078 accurata.
2086 2018 2247 2079 Nam

517 2113 958 2174 demonstratio
988 2113 1293 2172 ostensiva
1313 2112 1476 2171 idem
1499 2122 1593 2171 est
1616 2112 1780 2191 quod
1810 2112 2248 2173 demonstratio

520 2208 1014 2268 demonstrativa.
1099 2207 1208 2266 Est
1259 2205 1419 2265 enim
1470 2206 1679 2278 altera,
1741 2225 1812 2265 ea
1863 2225 1998 2284 quae
2047 2206 2248 2266 tendit

517 2311 685 2362 recta
713 2303 811 2361 via
853 2302 932 2362 ad
969 2302 1163 2381 ipsam
1196 2301 1712 2380 propositionem;
1759 2301 1968 2371 altera.
2009 2320 2081 2360 ea
2110 2321 2247 2380 quae

515 2397 716 2457 tendit
745 2396 824 2456 ad
853 2396 1390 2456 contradictoriam
1436 2396 1585 2473 ejuS,
1616 2396 1732 2467 via,
1777 2395 1994 2473 primo,
2038 2406 2244 2464 recta;

518 2491 756 2564 deinde,
787 2510 896 2569 per
919 2490 1398 2562 conversionem,
1423 2489 1502 2548 ad
1523 2489 2001 2568 propositionem
2031 2490 2244 2567 ipsam.

602 2585 683 2645 B.
732 2585 988 2646 Quoties
1017 2585 1197 2644 audio
1227 2604 1594 2663 quemquam
1635 2584 1838 2643 dicere
1869 2584 2244 2644 demonstra-

518 2679 731 2738 tionem
750 2693 830 2737 τοῦ
851 2691 933 2747 ὅτι,
951 2679 1052 2738 vix
1069 2699 1166 2738 me
1187 2679 1470 2738 contineo
1489 2698 1566 2738 ne
1585 2678 1957 2756 interrogem
1975 2687 2054 2735 τοῦ
2077 2687 2146 2734 ὅτι
2173 2694 2244 2745 τί;

516 2774 621 2833 sed
667 2794 765 2833 me
811 2774 1096 2833 contineo
1141 2784 1365 2846 tamen,
1410 2794 1486 2833 ne
1532 2773 1698 2853 quod
1741 2793 1951 2833 omnes
1991 2792 2053 2831 se
2090 2772 2244 2832 scire

516 2867 743 2937 dicant,
789 2868 950 2927 solus
991 2868 1199 2927 videar
1237 2868 1541 2946 ignorare.
1629 2868 1743 2927 Dic
1789 2887 1956 2945 ergo,
2001 2887 2140 2927 cum
2179 2868 2242 2927 in

514 2962 682 3022 omni
726 2953 1245 3021 demonstratione
1292 2962 1500 3021 dicant
1547 2961 1711 3040 quod
1747 2981 1959 3022 verum
1997 2970 2107 3034 est,
2147 2962 2244 3022 vel

515 3057 676 3136 quod
697 3056 934 3129 falsum,
982 3056 1286 3133 quomodo
1316 3077 1438 3115 una
1476 3056 1914 3116 demonstratio
1945 3065 2036 3115 est
2066 3055 2242 3134 qnod,

513 3151 631 3210 alia
647 3158 918 3230 propter
948 3149 1148 3228 qnid?
1235 3150 1551 3210 Nescimus
1603 3150 1765 3209 enim
1812 3150 1976 3228 qaod
2015 3170 2111 3209 res
2157 3150 2244 3210 ita

514 3255 626 3318 est,
677 3245 795 3304 nisi
844 3244 1102 3303 sciamus
1135 3253 1409 3324 propter
1457 3244 1609 3323 qnid
1651 3244 1740 3304 ita
1791 3254 1922 3311 est3
1961 3245 2137 3322 juxta
2179 3244 2242 3303 id

515 3338 681 3418 quod
737 3338 998 3398 solemus
1057 3337 1258 3396 dicere
1315 3337 1708 3412 Aristotelici,
1760 3338 1922 3397 scire
1978 3346 2074 3398 est
2117 3358 2243 3418 per

517 3453 765 3493 eausam
796 3432 981 3492 scire.

600 3528 680 3588 A.
724 3526 981 3586 Videtur
1002 3525 1379 3597 AristoteleS,
1406 3546 1544 3584 cum
1571 3526 1636 3584 in
1671 3525 1944 3604 Physica
1967 3523 2238 3584 animad-

511 3623 792 3684 vertisset
837 3641 960 3682 non
1007 3620 1292 3680 effectum
1335 3640 1445 3698 per
1486 3640 1732 3680 causam
1765 3619 2095 3698 cognitam,
2132 3617 2238 3678 sed
