2462 4120
772 381 1334 425 GEOMETRARUM.
1582 443 1585 446 Ι
1799 373 1921 426 429

271 528 387 589 Per
418 526 830 587 definitionem
863 526 1142 604 quintam
1167 527 1359 586 Elem.
1385 549 1444 598 v,
1470 548 1604 606 quae
1635 530 1766 589 haeo
1800 540 1925 590 est:

186 621 510 682 Rationem
548 619 771 679 habere
806 619 970 678 inter
999 639 1067 678 se
1116 620 1575 699 magnitudines
1617 623 1925 696 dicuntur,

189 738 321 798 quoe
354 723 620 796 possunt
666 713 1087 793 multiplicatae
1137 735 1275 773 sese
1326 723 1528 774 mutuo
1577 737 1884 797 superare
1907 741 1928 776 .·

189 810 453 890 explicat
480 808 788 878 Euclides,
816 819 887 867 ut
934 819 1102 868 recte
1147 808 1299 867 dicit
1343 808 1606 883 Clavins,
1640 811 1930 888 quidnam

187 905 502 983 requirant
533 903 670 963 duae
718 903 1092 982 quantitates
1135 902 1407 981 ejusdem
1461 903 1706 982 generis
1736 915 1806 964 ut
1835 926 1931 963 ra-

188 999 417 1059 tionem
470 998 754 1057 dicantur
803 998 1049 1071 habere,
1099 1017 1338 1076 nempe,
1394 998 1446 1056 si
1492 1018 1618 1057 non
1666 999 1932 1060 habeant

186 1093 347 1153 hanc
378 1092 795 1152 conditione-m
839 1101 903 1152 ut
943 1092 1138 1151 altera
1186 1093 1379 1171 possit
1410 1093 1818 1171 multiplicata
1847 1095 1933 1153 al-

189 1196 386 1247 teram
417 1206 723 1266 superare,
754 1206 882 1245 non
906 1206 1034 1245 esse
1057 1187 1192 1245 illas
1222 1206 1421 1266 neque
1446 1187 1719 1267 ejusdem
1749 1208 1934 1266 gene-

189 1282 294 1355 riS‚
325 1301 524 1360 neque
554 1281 779 1339 habere
809 1280 970 1340 inter
1000 1300 1065 1340 se
1095 1281 1416 1340 rationem.

275 1375 456 1437 Unde
480 1374 869 1434 manifestum
885 1385 1006 1447 -est,
1027 1375 1243 1454 primO,
1267 1376 1510 1447 lineam,
1532 1376 1932 1455 superficiem,

193 1481 257 1531 et
285 1470 545 1531 solidum
576 1489 707 1529 esse
739 1469 979 1528 diversa
1007 1489 1255 1547 genera,
1285 1471 1384 1529 vel
1427 1471 1635 1549 potius
1667 1470 1934 1531 diversas

194 1564 424 1645 species
454 1563 832 1643 quantitatis,
900 1563 1086 1622 Nulla
1116 1564 1279 1623 enim
1308 1566 1525 1624 harum
1546 1567 1934 1644 quantumvis

193 1658 602 1738 multiplicata
631 1658 886 1717 alteram
917 1659 1247 1737 superabit.

281 1752 582 1825 SecundO,
615 1752 874 1830 angulus
921 1752 1163 1832 genitus
1209 1773 1283 1812 ex
1328 1763 1501 1813 motu
1541 1754 1841 1827 circulari,
1874 1766 1935 1815 et

195 1847 454 1927 angulus
505 1855 845 1920 contactuS,
899 1847 1153 1908 diversae
1209 1858 1351 1907 sunt
1403 1849 1635 1927 species
1690 1851 1934 1927 quanti-

196 1941 365 2001 tatis,
431 1941 711 2020 Angulus
742 1943 905 2002 enim
937 1951 1255 2003 contactus
1287 1943 1454 2003 nulla
1483 1965 1754 2024 unquam
1786 1946 1938 2004 mul·

196 2036 580 2116 tiplioatione
627 2038 938 2116 superabit
990 2038 1278 2117 angulum
1329 2039 1607 2117 genitum
1650 2060 1725 2098 ex
1764 2049 1939 2099 motu

197 2131 498 2191 circulari.

280 2227 510 2300 Tertio,
542 2228 697 2287 ratio
728 2228 977 2307 majoris
1024 2228 1103 2288 ad
1152 2229 1375 2299 minus,
1407 2237 1466 2288 et
1497 2229 1656 2288 ratio
1687 2228 1939 2287 minoris

199 2321 278 2380 ad
323 2324 539 2402 majus,
571 2332 714 2382 sunt
745 2322 998 2383 diversae
1030 2324 1261 2403 species
1309 2324 1689 2403 quantitatis,
1779 2323 1938 2382 Nam

200 2415 358 2475 ratio
408 2416 659 2476 minoris
710 2416 789 2476 ad
826 2418 1044 2495 majuS‚
1078 2427 1310 2496 quanto
1342 2417 1537 2496 magis
1570 2417 1936 2496 multiplica-

201 2518 322 2582 tur,
351 2518 527 2572 tanto
560 2532 798 2592 semper
828 2512 1029 2572 minor
1059 2522 1173 2573 est.

912 2930 1086 2990 CAP.
1130 2932 1301 2991 XVI.

515 3071 732 3113 ETIAM
766 3073 854 3114 DE
888 3073 1262 3119 RATIONUM
1300 3077 1630 3120 CALCULO.

211 3169 542 3242 CLAVIUS,
573 3169 651 3228 ad
680 3190 853 3248 prop.
886 3179 986 3244 23,
1017 3173 1209 3234 Elem.
1238 3175 1318 3249 vi,
1350 3175 1531 3235 aliam
1581 3175 1767 3234 habet
1812 3193 1939 3233 me-

207 3262 464 3323 thodum
513 3263 916 3340 componendi
962 3267 1246 3327 rationes.
1339 3269 1476 3328 Sint
1507 3269 1643 3328 duae
1673 3268 1939 3327 rationes

210 3364 247 3416 6
280 3356 360 3416 ad
382 3365 414 3415 4
452 3366 513 3416 et
542 3365 577 3416 2
610 3357 689 3416 ad
719 3363 755 3416 8
787 3361 1241 3436 componendae.
1327 3365 1462 3423 Fiat
1489 3373 1558 3423 ut
1588 3371 1624 3423 2
1657 3362 1734 3421 ad
1765 3369 1821 3433 8,
1852 3361 1940 3419 ita

211 3470 588 3529 consequens
629 3459 664 3509 4
703 3450 781 3510 ἃᾶ
828 3452 1008 3511 aliam
1046 3462 1149 3514 16:
1195 3457 1428 3536 eritque
1480 3458 1636 3517 ratio
1682 3464 1718 3515 6
1750 3454 1828 3513 ad
1866 3461 1937 3512 16

211 3545 549 3623 composita
593 3565 668 3604 ex
696 3545 1032 3605 rationibus
1062 3554 1099 3606 6
1131 3550 1210 3609 ad
1231 3558 1266 3609 4
1300 3560 1361 3610 et
1391 3561 1426 3610 2
1459 3550 1538 3610 ἃᾶ
1574 3557 1630 3609 8.
1718 3547 1937 3606 Positis

212 3638 373 3698 enim
423 3638 635 3697 ordine
688 3639 781 3698 his
830 3642 1096 3701 numeris
1147 3651 1205 3717 6,
1256 3653 1314 3718 4,
1371 3652 1464 3717 16,
1517 3644 1750 3722 priores
1801 3642 1936 3701 duae

2001 545 2113 578 CAP.
2141 544 2225 577 XV.

1996 603 2237 628 *ap—d

1979 651 2035 686 De
2052 651 2236 685 rationum

1980 705 2133 740 calculo.
