2462 4120
340 372 460 426 300
1103 390 1195 433 AD
1229 390 1495 434 REGEM.

421 544 726 605 Quoniam
755 556 961 607 autem
991 551 1280 630 quicquid
1301 551 1679 630 producitur,
1709 570 1820 629 per
1842 559 2074 610 motum
2097 571 2238 630 pro-

337 670 599 744 ducitur,
622 672 673 731 is
694 674 799 750 qui
822 677 1146 754 suppositis
1169 679 1431 737 motibus
1450 676 1811 756 quibusdam
1831 677 2237 757 possibilibuS,

333 795 451 854 illis
495 816 639 857 usus
670 798 1129 860 demonstrandi
1157 802 1490 881 principiiS,
1519 802 1816 880 propositi
1850 802 2238 880 phaenomeni

333 922 759 984 necessitatem
814 934 979 984 recte
1033 926 1329 998 intulerit,
1388 927 1440 985 is
1497 926 1749 1004 inquam
1797 934 2037 986 tantum
2093 926 2241 987 fecit

334 1053 631 1122 quantum
661 1047 736 1105 ab
767 1047 1035 1107 humana
1065 1049 1303 1108 ratione
1333 1048 1644 1126 expectari
1675 1047 1874 1108 debet.

417 1170 634 1249 Neque
662 1171 812 1230 illud
847 1191 1103 1251 parvum
1149 1180 1259 1231 est.
1346 1172 1477 1231 Etsi
1528 1172 1690 1231 enim
1727 1191 1859 1231 rem
1900 1172 1989 1232 ita
2026 1194 2239 1235 revera

330 1303 685 1372 generatam
729 1315 858 1355 esse
908 1316 1032 1354 non
1076 1297 1313 1374 probet,
1350 1297 1438 1355 ita
1483 1305 1691 1355 tamen
1737 1299 2016 1375 generari
2060 1319 2237 1377 posse

331 1421 566 1498 quoties
596 1423 854 1481 materia
879 1422 1057 1481 simul
1088 1432 1150 1480 et
1179 1430 1380 1480 motus
1410 1421 1473 1479 in
1501 1430 1715 1480 nostra
1742 1429 2044 1500 potestate
2073 1434 2237 1495 sunt,

330 1546 477 1605 satis
506 1548 744 1626 probat.
834 1547 905 1606 Id
936 1545 1101 1625 quod
1141 1546 1421 1605 humanis
1456 1547 1636 1605 rebus
1680 1566 1804 1605 non
1849 1546 2049 1607 minus
2088 1549 2236 1608 utile

330 1679 440 1745 est,
472 1692 653 1750 quam
684 1672 730 1732 si
765 1671 1028 1750 cognitae
1059 1680 1261 1730 essent
1290 1671 1437 1749 ipsae
1468 1689 1668 1730 causae
1696 1671 2026 1731 naturaleS.

411 1798 665 1858 Naturae
702 1807 903 1858 autem
955 1796 1406 1876 contemplati0‚
1449 1796 1634 1855 etiam
1674 1796 1802 1855 sine
1842 1796 1960 1856 illis
2007 1798 2234 1858 severis

329 1923 864 1983 demonstrationis
894 1922 1150 2001 legibus,
1182 1921 1363 1981 modo
1393 1921 1612 1994 verbiS‚
1653 1920 1856 1999 qualia
1884 1921 1948 1980 in
1978 1922 2234 2001 scripto-

324 2050 492 2109 ribus
518 2049 788 2129 Physicae
817 2069 944 2108 non
973 2068 1111 2108 raro
1141 2046 1546 2126 reperiuntur,
1590 2046 1870 2106 inanibus
1909 2055 1972 2107 et
2009 2048 2233 2127 ineptis

324 2194 450 2234 non
486 2176 786 2248 turbetur,
818 2174 1089 2234 omnium
1119 2172 1306 2233 animi
1336 2191 1587 2250 operum
1625 2170 2063 2232 nobilissimum
2093 2183 2187 2233 est
2213 2191 2228 2227 ε

322 2300 440 2359 illis
480 2300 712 2373 saltem,
745 2299 962 2378 quibus
1001 2298 1194 2357 otium
1225 2306 1318 2356 est
1357 2317 1393 2355 a
1433 2295 1635 2355 studio
1666 2315 1872 2355 rerum
1920 2298 2230 2358 communi

323 2426 469 2487 vitae
497 2426 996 2486 necessariarum.

410 2550 595 2611 Quod
634 2570 671 2609 a
704 2570 801 2609 me
836 2551 900 2609 in
941 2550 1059 2608 hoc
1103 2548 1307 2608 libello
1354 2549 1639 2608 effectum
1678 2558 1789 2622 est,
1832 2568 2052 2609 munus
2097 2568 2227 2609 esse

324 2677 448 2737 scio
489 2685 663 2737 tanto
695 2678 863 2756 Rege
893 2676 1233 2755 indignum.
1320 2675 1611 2734 Attamen
1642 2676 1692 2734 si
1728 2685 2042 2754 spectetur
2076 2674 2224 2754 (quo

322 2803 505 2863 modo
538 2803 876 2863 oblationes
907 2811 1182 2881 spectare
1213 2800 1365 2860 solet
1396 2800 1585 2878 Deus)
1618 2820 1742 2860 una
1766 2821 1906 2860 cum
1934 2800 2137 2860 animo
2165 2809 2227 2860 et

322 2950 388 2989 re
420 2929 748 3002 offerentis,
772 2949 897 2988 non
928 2928 1234 3006 ingratum
1263 2926 1394 2986 fore
1426 2946 1670 3005 sperare
1701 2926 1914 2986 debeo,

404 3055 633 3114 Verum
662 3063 734 3113 ut
761 3053 893 3112 haec
919 3052 1003 3111 ad
1031 3061 1201 3111 tuam
1221 3052 1611 3129 Majestatem
1633 3051 1874 3125 ferrem,
1893 3050 2103 3110 multae
2127 3071 2225 3111 me

322 3181 694 3260 impulerunt
723 3198 938 3239 causae.
1026 3178 1248 3251 Prim0,
1281 3178 1444 3256 quod
1488 3177 1916 3256 cognoscenda
1953 3184 2154 3236 essent
2183 3197 2221 3237 a

316 3306 523 3386 judice
553 3306 726 3384 cujus
756 3312 914 3363 esset
942 3302 1289 3362 intellectus
1323 3301 1606 3380 optimUS‚
1639 3311 1702 3361 et
1746 3302 1905 3363 ratio
1950 3300 2224 3359 neutrius

320 3431 511 3511 partis
542 3429 743 3491 studio
788 3428 1029 3497 inflexa,
1058 3446 1172 3485 nec
1201 3425 1400 3484 verbis
1446 3425 1929 3504 significantibus
1976 3421 2224 3502 quidem

321 3557 494 3631 nihil,
518 3555 624 3616 sed
646 3553 848 3635 qualia
866 3550 1322 3612 difficultatibus
1341 3550 1534 3630 pressi
1551 3569 1629 3610 ne
1648 3548 1800 3609 nihil
1819 3547 2096 3608 dicerent
2112 3565 2222 3606 un·-
