2462 4120
862 372 1426 415 GEOMETRARUM.
1886 361 2006 413 445

270 515 562 599 angulum
591 512 973 573 rectilineum
1003 519 1245 571 acutum
1275 509 1565 569 minorem
1589 509 1818 590 angulo
1841 509 2014 569 semi·
2079 531 2192 564 cm».
2212 529 2319 560 mx.

270 610 495 673 circuli
514 633 536 678 ;
596 617 664 668 at
722 627 865 667 vero
924 627 1055 665 cum
1102 606 1230 677 AE,
1283 603 1576 684 angulum
1632 604 2014 664 rectilineum
2038 586 2320 684 PerQ-stif

272 715 511 768 acutum
567 704 861 782 majorem
912 699 1142 781 angulo
1188 699 1627 778 contingentiae
1650 721 1671 758 .·
1730 720 1861 758 cum
1910 698 2017 758 ille
2038 693 2323 782 ζῇᾞῗίζξῖξο,

275 802 361 860 sit
398 817 568 882 pars
600 796 820 879 anguli
863 793 1253 866 semicirculi,
1285 792 1386 852 hic
1429 814 1571 852 vero
1613 801 1798 852 totum
1839 794 2019 874 quid·
2222 772 2230 787 '

268 896 453 977 piam
511 901 798 974 respectu
851 889 1076 972 anguli
1134 887 1592 968 contingentice.
1722 889 1812 947 Icl
1866 888 2028 967 quod

278 989 520 1070 liquido
572 994 835 1060 constat,
881 986 1065 1046 ducta
1108 991 1284 1044 recta
1332 983 1462 1056 AB,
1500 982 2024 1063 quomodocunque

279 1086 453 1166 infra
482 1085 610 1144 AE.
685 1080 851 1144 Nam
882 1103 1015 1142 cum
1044 1080 1179 1141 hoec
1208 1078 1371 1138 linea
1397 1078 1506 1138 AB
1539 1077 1708 1137 intra
1738 1075 2027 1136 circulum

279 1180 489 1253 cadat,
523 1187 590 1239 ut
641 1178 1123 1238 demonstratum
1166 1182 1279 1247 est,
1326 1173 1452 1233 erit
1493 1171 1763 1253 angulus
1793 1171 2027 1230 rectili-

281 1295 433 1336 neus
456 1282 676 1334 acutus
695 1273 855 1333 CAB
880 1272 1075 1332 minor
1098 1268 1332 1351 angulo
1354 1266 1731 1327 semicirculi
1755 1273 2031 1326 contento

289 1370 402 1430 sub
432 1370 740 1429 diametro
770 1368 878 1427 AC
908 1375 969 1427 et
1009 1363 1514 1445 circumferentia
1543 1362 1726 1436 ABG,
1760 1381 1892 1421 cum
1925 1360 2034 1420 ille

291 1466 475 1545 hujus
505 1464 589 1523 sit
624 1483 812 1543 pars,
902 1460 1197 1542 Angulus
1226 1478 1369 1518 vero
1411 1455 1863 1538 contingentioe,
1896 1475 2035 1513 con-

293 1569 494 1621 tentus
552 1557 664 1617 sub
716 1563 1014 1638 tangente
1045 1555 1210 1614 linea
1262 1553 1369 1612 ΑΕ
1415 1559 1477 1611 et
1535 1549 2037 1631 circumferentia

291 1655 475 1726 ABG,
521 1653 718 1712 minor
765 1649 997 1732 angulo
1047 1647 1366 1709 rectilineo
1418 1655 1600 1706 acuto
1641 1646 1822 1718 ΒΑΕ,
1876 1644 2045 1726 quod

293 1749 403 1810 ille
432 1749 614 1827 liujus
643 1766 812 1828 pars
843 1746 946 1805 sit.

377 1845 654 1906 Assumit
683 1844 784 1904 hic
813 1842 1098 1903 Euclides
1137 1841 1432 1920 angulum
1464 1840 1849 1900 rectilineum
1881 1838 2042 1897 CAB

294 1951 534 2022 partem
565 1959 697 1999 esse
742 1938 952 2017 anguli
999 1936 1386 2009 semicirculi,
1419 1935 1484 1995 id
1514 1946 1627 2008 est,
1660 1935 1867 2013 anguli
1896 1932 2045 1993 facti

297 2057 334 2097 a
372 2044 545 2096 recta
585 2035 690 2094 CA
737 2043 799 2093 et
850 2031 1347 2092 circumferentia
1376 2031 1526 2091 AB:
1571 2030 1718 2090 item
1751 2029 2047 2108 angulum

299 2129 742 2209 contingentiae
794 2136 1036 2207 partem
1083 2146 1214 2186 esse
1262 2125 1474 2204 anguli
1516 2112 1820 2185 rectilinei
1861 2124 2046 2182 EAB.

304 2227 428 2287 Sed
480 2246 554 2285 ex
615 2245 687 2284 eo
735 2223 1059 2283 manifeste
1113 2221 1408 2300 sequitur,
1455 2230 1719 2299 quatuor
1769 2217 2048 2297 anguIOS,

302 2342 543 2401 nempe,
561 2319 944 2380 rectilineum
991 2318 1172 2391 CAR,
1197 2316 1492 2395 angulum
1522 2313 1910 2382 semicirculi,
1942 2333 2051 2372 an-

305 2418 515 2498 gulum
563 2414 1022 2493 contingentiae,
1077 2423 1140 2473 et
1191 2412 1499 2492 angulum*
1538 2421 1776 2470 rectum
1822 2407 2053 2468 rectili-

306 2533 512 2585 neum,
543 2531 672 2571 esse
704 2509 979 2590 ejusdem
1008 2508 1270 2588 generiS,
1317 2506 1476 2567 sicut
1504 2516 1709 2586 partes
1741 2513 1803 2565 et
1830 2512 2048 2563 totum.

311 2606 396 2666 Et
450 2626 561 2685 per
621 2624 999 2683 consequens
1058 2602 1352 2682 angulum
1406 2600 1849 2680 contingentiae
1921 2598 2057 2677 (per

313 2700 450 2760 Def.
480 2708 536 2773 5,
568 2699 758 2759 Elem.
783 2699 848 2775 v)
883 2698 1377 2777 multiplicatum,
1422 2716 1601 2776 posse
1632 2713 1919 2774 superare
1949 2713 2058 2752 an-

318 2784 530 2874 gulum
575 2805 811 2853 rectum
851 2793 1254 2853 rectilineum.
1343 2792 1742 2851 Manifestum
1773 2790 1935 2848 enim
1966 2797 2059 2846 est

318 2898 556 2969 partem
603 2888 992 2966 multiplicari
1032 2909 1230 2967 posse,
1264 2887 1462 2947 donec
1509 2907 1687 2946 suum
1725 2894 1927 2945 totum
1960 2902 2059 2942 su-

318 2991 508 3064 peret.
599 2982 983 3042 Contradicit
1013 3003 1159 3061 ergo
1196 2982 1481 3042 Euclides
1525 2981 1670 3040 huic
1721 2976 2062 3038 definitioni

321 3098 447 3139 suae
494 3076 726 3156 quintae
773 3077 1073 3137 Elementi
1115 3077 1332 3156 quinti.
1424 3076 1579 3136 Cum
1620 3095 1765 3153 ergo
1805 3071 2061 3150 angulus

324 3181 646 3233 contactus
670 3180 733 3230 et
757 3171 1014 3248 angulus
1039 3171 1389 3230 rectilineus
1421 3172 1544 3229 sint
1569 3168 1793 3229 diversi
1822 3164 2063 3245 generis

326 3265 709 3346 quantitatiS,
739 3265 825 3323 ita
853 3274 921 3323 ut
951 3265 1144 3324 altera
1174 3266 1429 3324 alteram
1459 3264 1862 3342 multiplicata
1886 3278 2064 3336 supe-

326 3380 463 3421 rare
501 3379 624 3418 non
668 3359 882 3437 possit,
921 3360 1016 3434 (ut
1046 3359 1174 3437 ipse
1207 3360 1453 3418 Clavius
1486 3355 1925 3430 demonstrat):
1957 3373 2064 3411 an-

329 3455 507 3535 gulus
540 3453 976 3531 contingentiae
1018 3454 1256 3513 ablatus
1286 3454 1439 3512 nihil
1472 3454 1705 3512 auferet
1735 3451 1810 3509 ab
1843 3448 2065 3525 angulo

332 3557 501 3609 recto
533 3547 867 3620 rectilineO,
897 3566 1022 3605 non
1051 3547 1244 3627 magis
1283 3568 1465 3627 quam
1511 3548 1673 3606 linea
1718 3544 1921 3603 ablata
1963 3542 2065 3600 ali-

334 3642 482 3724 quid
539 3641 736 3702 aufert
783 3661 819 3701 a
869 3640 1164 3721 quadrato
1216 3651 1323 3703 aut
1375 3641 1723 3720 superficies
1774 3658 1809 3698 a
1853 3635 2065 3695 solido,
