2462 4120
558 410 1085 454 MATHEMATICAE
1122 410 1528 452 HODIERNAE.
1809 396 1922 461 137

187 550 646 630 significandam
692 549 992 608 rationem
1042 547 1212 626 dupli
1263 548 1342 606 ad
1389 549 1692 627 simplum.
1781 550 1923 609 Non
1994 570 2242 605 mALoGus

186 647 391 724 itaque
422 664 631 703 verum
666 655 778 712 est,
805 643 968 722 quod
1001 663 1073 701 ea
1101 643 1297 701 utitur
1325 652 1623 720 perpetuo
1655 645 1719 702 in
1745 664 1926 704 sensu
1996 698 2003 709 ,
2091 640 2159 671 W·
2225 696 2235 709 ,

185 740 396 798 altero,
475 739 795 811 Praeterea,
820 739 954 797 fieri
983 746 1186 816 potest
1217 747 1285 796 ut
1308 736 1594 796 Euclides
1625 758 1744 797 non
1779 740 1926 799 satis

185 834 314 912 ipse
353 833 734 912 perspexerit
772 832 1026 892 rationis
1072 840 1394 890 naturam:
1439 831 1563 891 imo
1604 852 1749 891 vero
1793 834 1927 892 fieri

185 927 361 987 aliter
418 948 542 987 non
602 938 825 1007 potest,
889 948 1028 988 cum
1088 927 1393 986 definierit
1459 927 1759 986 rationem
1818 949 1928 1006 per

184 1027 290 1071 ποιὰ
315 1024 492 1087 σχέσις.

269 1111 483 1191 Capite
506 1110 691 1182 xxxi„
706 1111 812 1170 ubi
837 1118 1065 1170 tractat
1078 1109 1574 1187 Progressionem
1596 1108 1930 1167 Geometri-

186 1228 339 1280 cam,
383 1205 660 1285 regulam
705 1206 883 1264 affert
933 1204 1300 1283 generalem,
1356 1222 1476 1281 qua
1527 1202 1929 1262 terminorum

185 1302 458 1362 omnium
488 1300 798 1359 invenitur
829 1320 1084 1372 summa,
1109 1299 1398 1357 nimirum
1418 1298 1576 1356 hanc
1604 1296 1778 1356 z—Si
1802 1305 1930 1356 ter-
1955 1284 1958 1288 ’

186 1398 382 1457 minus
414 1395 662 1455 ultimus
684 1417 809 1475 per
839 1414 1200 1454 communem
1231 1394 1534 1452 rationem
1563 1391 1930 1472 multiplice-

189 1502 308 1565 tur,
331 1492 462 1551 sive
492 1490 650 1570 qnod
680 1490 1034 1550 tantundem
1065 1498 1179 1563 est,
1199 1487 1581 1570 progressio
1606 1508 1725 1567 per
1754 1509 1930 1546 unum

186 1587 387 1646 adhue
420 1585 694 1666 gradum
735 1585 1138 1657 continuetur,
1172 1592 1358 1663 atque
1405 1582 1548 1642 inde
1599 1581 1932 1662 anferatur

188 1681 488 1741 terminus
506 1680 773 1760 primm,
806 1687 867 1738 et
897 1679 1059 1758 qnod
1083 1686 1288 1737 restat
1305 1697 1430 1758 per
1460 1698 1770 1737 nnmerum
1799 1677 1933 1736 nni-

186 1784 318 1836 tate
347 1775 638 1834 minorem
663 1795 845 1853 qnam
872 1782 965 1833 est
994 1772 1316 1833 eommunis
1347 1772 1534 1845 rati0‚
1568 1771 1890 1831 dividatur
1908 1795 1932 1839 ,-

170 1869 459 1951 prodibit
505 1869 984 1949 progressionis
1036 1867 1600 1928 summm—Quam
1651 1867 1933 1946 regulam

186 1966 477 2044 deinceps
509 1964 1073 2023 demonstraturum
1098 1983 1162 2022 se
1204 1983 1334 2023 esse
1367 1962 1537 2023 dicit.
1622 1962 1696 2022 Id
1725 1971 1932 2022 autem

187 2059 352 2139 quod
400 2059 686 2138 deinceps
730 2059 976 2138 legitur,
1011 2059 1453 2118 demonstratio
1492 2079 1616 2118 non
1667 2067 1778 2131 est,
1825 2058 1933 2118 sed

185 2155 478 2215 indicatio
525 2155 691 2234 quod
731 2155 820 2215 ita
863 2155 1172 2234 contingit
1219 2175 1350 2214 esse
1395 2154 1460 2213 in
1506 2153 1932 2233 progressione

185 2270 581 2310 numerorum
610 2250 800 2328 ipsius
837 2250 1089 2310 arbitrio
1123 2260 1524 2329 sumptorum.
1613 2249 1850 2327 Neque,
1882 2249 1934 2308 si

185 2345 250 2404 in
279 2345 707 2424 progressione
738 2345 904 2404 omni
934 2365 1330 2404 numerorum
1360 2348 1469 2404 tuo
1509 2364 1725 2404 meove
1770 2344 1932 2403 arbi-

186 2440 306 2500 trio
347 2450 731 2519 sumptorum
772 2440 934 2499 idem
972 2440 1379 2519 contingeret,
1421 2460 1547 2499 non
1588 2449 1797 2498 tamen
1828 2439 1931 2498 de-

186 2535 549 2594 monstratio
590 2545 789 2604 esset;
836 2547 969 2595 tum
1011 2536 1155 2614 quia
1204 2556 1389 2596 causa
1428 2535 1763 2596 accidentis
1806 2556 1931 2594 non

188 2639 457 2708 apparet,
479 2641 610 2688 tum
634 2630 819 2690 etiam
843 2631 986 2709 quia
1006 2631 1283 2690 inductio
1308 2630 1790 2710 particularium,
1814 2630 1932 2689 nisi

189 2743 442 2783 numero
467 2725 864 2797 infinitorum,
886 2726 1163 2805 regulam
1184 2746 1308 2785 non
1332 2726 1480 2785 facit
1509 2726 1930 2786 universalem.

274 2817 354 2876 B.
397 2819 599 2879 Verba
671 2822 799 2898 ejus
857 2822 1010 2894 haec,
1071 2820 1312 2902 regnloe
1365 2821 1934 2881 demonstrationem

194 2910 483 2992 deinceps
539 2935 928 2995 exponemu8‚
988 2936 1113 2975 non
1174 2925 1455 2995 spectant
1513 2916 1592 2976 ad
1645 2916 1710 2976 id
1770 2915 1935 2995 quod

194 3006 486 3083 sequitur,
538 3009 846 3082 nimirum,
891 3011 949 3069 si
1007 3011 1069 3069 in
1115 3011 1565 3092 progressione
1614 3011 1931 3089 adjuncta,

195 3112 334 3170 etc„
385 3101 492 3160 sed
540 3102 618 3161 ad
674 3104 740 3162 id
787 3105 953 3183 quod
1002 3106 1266 3164 habetur
1319 3106 1535 3184 Capite
1584 3105 1793 3164 xxxiii.
1856 3103 1935 3162 ad

193 3213 514 3253 numerum
537 3203 638 3269 68,
664 3198 767 3275 qui
796 3199 1030 3278 incipit,
1055 3200 1113 3258 si
1144 3201 1439 3259 terminus
1469 3199 1788 3270 maximus,
1815 3209 1931 3257 etc.

282 3287 360 3347 A.
406 3289 568 3367 Ergo
615 3311 827 3352 vocem
878 3295 1045 3354 illam
1093 3295 1408 3374 deincep8‚
1457 3295 1638 3355 toties
1687 3293 1932 3370 ubique,

195 3382 535 3461 praesertim
599 3384 662 3442 in
733 3385 902 3447 libris
973 3389 1426 3448 mathematicis
1487 3398 1932 3457 occurrentem,

197 3475 444 3534 criticus
474 3477 938 3541 mathematicus
979 3483 1196 3542 doctor
1235 3483 1336 3542 ille
1376 3502 1500 3542 non
1529 3481 1846 3542 intellexit.

285 3568 364 3628 B.
411 3569 691 3629 Fortasse
730 3575 1003 3652 regulam
1045 3587 1251 3637 tamen
1289 3597 1469 3655 quam
1500 3576 1600 3635 hic
1631 3574 1932 3653 exposuit,

200 3663 322 3725 illic
356 3664 816 3727 demonstrabit.
