2462 4120
546 366 1068 411 MATHEMATICAE
1104 366 1508 408 HomERNAE.
1780 355 1891 408 145

251 512 331 571 A.
378 511 515 570 Sive
554 510 757 588 lapsus
797 508 893 581 sit,
939 507 1063 566 sive
1111 525 1403 565 arcanum
1448 507 1694 586 aliquod
1747 509 1895 567 artis
1956 524 2203 558 D1AL0GUS

166 605 533 686 symbolicae,
554 604 677 662 vim
701 612 865 662 certe
887 602 1072 661 habet
1097 620 1340 660 omnem
1361 600 1897 662 demonstrationis
1966 593 2202 678 „Es-2

165 700 346 778 hujus
365 698 715 757 ulteriorem
735 697 1248 757 examinationem
1269 695 1661 774 praecidendi.
1706 698 1899 756 Tran-

167 793 434 854 siliemus
466 792 667 871 Caput
705 792 1082 852 tricesimum
1122 801 1429 870 quartum,
1462 799 1529 848 ut
1560 791 1723 868 quod
1751 792 1901 851 nihil

166 887 332 948 aliud
361 897 454 946 est
496 897 720 966 praeter
765 885 1096 946 earundem
1141 884 1730 944 demonstrationum
1768 886 1902 944 bre-

165 983 415 1054 viorem,
440 990 502 1040 et
529 981 658 1041 fere
688 991 884 1041 totam
916 980 1248 1060 symbolice
1279 979 1589 1058 scriptam,
1616 980 1904 1057 synopsin

168 1097 412 1137 caecam.
502 1076 700 1155 Caput
740 1077 1114 1136 tricesimum
1154 1076 1435 1154 quintum
1475 1083 1568 1132 est
1604 1074 1905 1133 Elementi

168 1172 368 1251 quinti
423 1172 694 1232 Euclidis
747 1172 1185 1231 demonstratio
1245 1169 1635 1229 arithmetica
1661 1195 1675 1237 ;
1743 1169 1906 1247 quod

168 1266 412 1346 quidem
434 1267 821 1327 Elementum
852 1267 1181 1346 symbolice
1213 1265 1467 1326 cuilibet
1497 1273 1559 1323 et
1590 1263 1714 1323 suis
1746 1283 1908 1342 sym-

167 1360 324 1420 bolis
354 1361 779 1433 transcribere,
808 1361 985 1421 facile
1015 1370 1126 1420 est.

254 1455 336 1516 B.
384 1456 597 1517 Quid?
683 1456 1253 1515 Demonstrationes
1294 1455 1423 1533 ejus
1462 1453 1693 1513 nihilne
1742 1453 1907 1513 aliud

170 1560 313 1610 sunt
341 1560 565 1629 praeter
593 1551 1097 1630 transcriptiones
1130 1550 1150 1608 ἓ

253 1646 334 1704 A.
380 1645 523 1704 Non
552 1645 616 1705 id
645 1646 781 1704 dico
809 1672 823 1715 ;
870 1645 978 1705 sed
1009 1665 1147 1704 cum
1190 1644 1370 1703 facile
1402 1645 1482 1728 sit
1527 1643 1907 1703 demonstra-

169 1738 368 1800 tiones
413 1740 682 1799 Euclidis
738 1760 864 1799 una
921 1761 1061 1800 cum
1119 1739 1576 1799 definitionibus
1636 1738 1907 1817 ejusdem

168 1834 436 1894 scribere
495 1835 846 1914 symbolice,
905 1835 1144 1895 facilius
1196 1843 1287 1894 est
1338 1834 1722 1894 theoremata
1780 1835 1909 1912 ejus

166 1927 392 1988 inferre
422 1948 498 1988 ex
527 1937 840 2007 assumpta
862 1930 993 1989 sine
1015 1929 1537 1988 demonstratione
1562 1927 1909 2007 hypothesi.

168 2023 327 2083 Nam
359 2043 498 2083 cum
527 2032 728 2083 totum
752 2025 906 2084 illud
933 2025 1319 2085 Elementum
1346 2026 1626 2104 quintum
1657 2045 1730 2084 ex
1763 2025 1911 2084 defi-

168 2118 403 2178 nitione
443 2119 786 2198 dependeat
824 2121 1096 2199 ejusdem
1129 2121 1411 2194 rationiS,
1456 2121 1577 2194 ille,
1629 2122 1911 2200 neglecta

170 2212 524 2273 definitione
595 2215 887 2288 EuclidiS,
951 2216 1086 2275 loco
1147 2217 1276 2294 ejus
1337 2217 1655 2276 substituit
1710 2217 1907 2275 hanc:

169 2306 502 2387 aequalitas
530 2308 657 2367 sive
685 2309 978 2369 identitas
1006 2310 1270 2370 rationis
1301 2319 1395 2370 est
1425 2310 1755 2390 (equalitas
1785 2310 1912 2369 sive

170 2401 467 2462 identitas
516 2411 854 2484 quotoram.
963 2405 1199 2466 Deinde
1248 2406 1599 2484 subjungit:
1637 2414 1822 2486 pata,
1854 2405 1911 2463 si

171 2506 256 2566 sit
288 2484 446 2601 {²}
469 2555 484 2581 ,
529 2516 622 2567 est
643 2517 707 2568 et
735 2530 806 2569 a:
839 2539 870 2567 a
898 2534 910 2568 :
935 2534 948 2568 :
974 2511 1048 2570 b:
1079 2525 1134 2586 β,
1164 2518 1224 2570 et
1254 2519 1475 2570 contra
1497 2534 1521 2578 ;
1551 2511 1719 2591 qaod
1741 2509 1910 2569 nobis

171 2603 293 2664 erit
317 2605 690 2683 definitionis
715 2607 865 2667 locO.
957 2609 1270 2682 Similiter,
1290 2610 1592 2669 rationem
1617 2610 1910 2687 majorem

174 2707 238 2757 et
265 2700 561 2761 minorem
592 2702 805 2762 definit
834 2704 956 2763 sic:
1003 2703 1109 2762 ubi
1149 2711 1372 2784 quotus
1414 2706 1613 2782 major
1652 2713 1767 2778 est,
1827 2703 1913 2762 ibi

174 2793 343 2852 ratio
372 2797 567 2873 major
585 2819 608 2863 ;
651 2796 753 2856 ubi
782 2798 997 2871 minor,
1031 2798 1225 2857 minor
1255 2807 1368 2859 est.

259 2883 336 2946 B.
383 2888 717 2968 Propositio
748 2901 857 2963 est,
891 2892 1166 2952 definitio
1197 2914 1321 2952 non
1353 2903 1462 2952 est.
1544 2893 1912 2971 Quanquam

178 2988 383 3039 autem
425 2982 697 3044 definitio
737 3006 860 3046 non
906 2988 1002 3060 sit,
1055 2988 1161 3047 sed
1210 2989 1459 3067 propria
1509 2989 1728 3067 passi0‚
1768 3007 1912 3046 vera

179 3083 384 3135 tamen
415 3078 529 3137 erit
555 3078 1015 3142 demonstratiO.

262 3168 342 3228 A.
387 3169 539 3244 Erit,
579 3174 760 3234 modo
795 3176 928 3254 ipsa
965 3178 1164 3255 passio
1212 3178 1398 3238 fuerit
1444 3179 1612 3258 prius
1659 3178 1909 3238 demon-

179 3273 391 3323 strata.

266 3355 347 3415 B.
393 3357 823 3421 Demonstrata
852 3374 944 3422 est
981 3365 1195 3444 Capite
1225 3367 1434 3439 xxxiii,
1479 3387 1589 3446 per
1634 3365 1911 3446 proposi-

178 3449 412 3510 tionem
451 3458 520 3510 16
568 3453 758 3514 Elem.
789 3456 868 3515 vi.
914 3458 1204 3532 Euclidis,
1257 3481 1495 3539 nempe,
1549 3461 1607 3519 si
1656 3466 1912 3538 quatuor

179 3547 565 3625 quantitates
584 3546 839 3625 suerint
856 3553 1377 3632 proportionales,
1398 3555 1659 3635 factum
1690 3551 1768 3611 ab
1812 3571 1910 3609 esc-

348 3658 439 3700 vo
450 3658 504 3699 L.
533 3659 627 3700 1v.
1708 3665 1745 3706 L
