2462 4120
266 539 509 573 DIALOGUS

356 608 429 639 111.

266 663 503 692 κ-Ὗ--κ

583 370 695 423 106
936 381 1381 427 EXAMINATIO
1416 385 1499 427 ET
1532 385 1943 428 EMENDA'no

660 522 740 581 B.
785 522 1187 584 Transeamus
1226 545 1372 604 ergo
1418 525 1496 584 ad
1541 524 1839 587 decimum
1885 526 2184 605 quintum,
2225 527 2304 587 de

574 615 895 675 additione
926 625 987 676 et
1015 617 1408 678 subductione
1439 618 1737 697 speciosa.

654 706 731 768 A.
780 709 963 770 Quod
990 711 1248 771 habetur
1276 713 1393 771 hoc
1438 712 1658 789 capite,
1687 720 1887 771 totum
1918 712 2301 791 desumptum

572 812 666 862 est
715 823 790 862 ex
843 804 1060 883 Capite
1091 805 1152 864 ii.
1196 814 1257 864 et
1300 805 1384 864 iii.
1434 805 1775 883 Oughtredi
1810 805 2019 865 Clanis
2050 806 2301 865 Mathe-

570 899 831 971 matieoe,
864 902 1036 978 cujus
1068 910 1210 958 sunt
1239 899 1629 972 brevissimae,
1656 909 2052 959 veruntamen
2080 900 2301 978 plenis-

571 991 757 1065 simae,
790 993 1016 1071 regulae
1042 1019 1056 1062 ;
1101 993 1295 1052 altera
1324 993 1669 1065 additioniS,
1707 1013 1926 1072 nempe
1956 1004 2027 1052 ut
2057 995 2300 1071 conjun-

566 1094 802 1166 gantur
849 1087 1302 1167 magnitudines
1349 1087 1621 1146 servatis
1671 1087 1873 1167 signis
1897 1111 1920 1156 ;
1987 1088 2177 1147 altera
2225 1087 2300 1147 de

570 1180 990 1251 subductione,
1034 1201 1252 1259 nempe
1296 1189 1365 1240 ut
1407 1182 1726 1259 conjuncta
1769 1188 2032 1260 utraque
2061 1182 2301 1261 magni-

570 1274 781 1333 tudine
808 1282 1110 1334 mutentur
1138 1275 1338 1334 omnia
1381 1275 1566 1355 Signa
1602 1275 2046 1355 magnitudinis
2074 1275 2300 1334 subdu-

570 1368 794 1428 cendoe.
827 1368 1174 1428 Additionis
1195 1370 1538 1447 exemplum
1560 1369 1723 1447 apud
1742 1369 2167 1447 Oughtredum
2187 1378 2304 1442 est,

1104 1472 1164 1518 ad
1315 1473 1343 1518 5
1372 1472 1425 1518 A

1103 1550 1222 1596 adde
1235 1578 1303 1585 --
1317 1552 1346 1596 3
1372 1550 1424 1596 A

1099 1659 1223 1705 fiunt
1247 1661 1275 1705 5
1302 1659 1450 1705 A-3
1477 1657 1544 1716 A,
1572 1658 1675 1706 sive
1698 1659 1728 1704 2
1754 1657 1819 1704 A.

570 1747 692 1805 Ubi
725 1746 1035 1806 Wallisius
1077 1747 1291 1807 videns
1338 1747 1743 1806 differentiam
1786 1745 2296 1824 magnitudinum,

567 1860 786 1919 nempe
817 1849 852 1899 2
876 1842 948 1913 A,
980 1842 1124 1919 poni
1155 1843 1229 1901 ab
1251 1842 1610 1920 Oughtredo
1641 1861 1752 1921 pro
1787 1849 1820 1900 5
1846 1842 2023 1900 A—3
2044 1841 2118 1912 A,
2150 1841 2303 1901 duas

567 1932 713 1993 facit
760 1935 999 2013 regulas
1047 1955 1121 1993 ex
1165 1955 1327 2002 una;
1390 1935 1663 2009 alteram,
1713 1935 1818 1994 ubi
1861 1936 2034 2013 signa
2083 1935 2302 1994 similia

568 2037 727 2100 sunt,
761 2029 1016 2087 alteram
1060 2029 1165 2088 ubi
1209 2029 1541 2103 dissimilia,
1586 2030 1860 2108 regulam
1901 2028 2180 2106 magistri
2208 2029 2300 2088 sui

567 2122 1080 2201 elegantissimam
1105 2143 1228 2182 non
1254 2124 1602 2183 necessario
1628 2142 2022 2202 corrumpens
2049 2148 2063 2191 3
2108 2121 2300 2181 idem-

567 2237 685 2295 que
715 2217 863 2276 facit
892 2218 1055 2277 circa
1084 2218 1357 2295 regulam
1390 2217 1827 2277 subductionis.

648 2311 729 2370 B.
775 2311 1035 2372 Videtur
1065 2312 1215 2371 mihi
1258 2312 1322 2370 in
1364 2312 1483 2371 hoc
1527 2312 1726 2390 capite
1772 2310 1990 2370 docere
2022 2309 2303 2369 debuisse

569 2402 895 2479 WallisiuS,
949 2427 1070 2485 quo
1128 2416 1308 2486 pacto
1356 2407 1596 2466 numeri
1648 2405 1776 2466 dati
1826 2404 2000 2463 radix
2050 2404 2302 2463 alterius

564 2500 803 2559 numeri
835 2500 961 2560 dati
992 2501 1182 2560 radici
1213 2501 1701 2561 commodissime
1731 2499 2013 2560 addenda
2033 2499 2130 2558 vel
2159 2498 2301 2558 sub-

565 2594 845 2654 ducenda
874 2596 970 2655 sit.

649 2688 730 2748 A.
776 2689 1030 2750 Additio
1062 2690 1339 2750 radicum
1384 2687 1874 2749 commodissima
1915 2707 2038 2746 non
2068 2687 2139 2746 fit
2169 2686 2298 2746 sine

564 2783 1103 2862 multiplicatione3
1150 2784 1575 2863 multiplicatio
1616 2790 1821 2842 autem
1849 2781 2007 2841 infra
2035 2781 2299 2840 traditur

567 2877 781 2955 Capite
813 2878 1051 2939 decimo
1084 2891 1326 2939 octavo,

649 2974 730 3034 B.
777 2975 944 3035 Istuc
975 2996 1120 3055 ergo
1153 2995 1379 3036 eamus,

647 3068 727 3127 A.
774 3069 911 3127 Duo
942 3055 1130 3148 igitur
1160 3070 1363 3148 capita
1390 3069 1631 3146 integra
1658 3068 2193 3145 praetermittemus
2217 3066 2237 3126 Ξ·

649 3161 729 3220 B.
778 3162 900 3220 Sed
928 3182 1357 3240 percurramus
1388 3161 1621 3220 leviter.

648 3256 728 3316 A.
773 3256 1009 3315 Titulus
1030 3257 1259 3335 Capitis
1293 3256 1514 3315 decimi
1538 3256 1693 3314 sexti
1717 3265 1810 3315 est
1828 3255 1930 3315 De
1952 3254 2300 3314 additionis

562 3360 623 3410 et
662 3350 1074 3410 subductionis
1107 3351 1500 3431 probatione.
1588 3351 1702 3409 Per
1735 3349 2163 3430 probationem
2203 3348 2295 3407 in-

562 3445 783 3524 telligit
812 3443 1404 3504 demonstrationem.

651 3540 730 3599 B.
777 3539 1072 3598 Minime:
1133 3560 1276 3599 nam
1326 3558 1523 3617 neque
1571 3538 1764 3598 additi
1810 3536 2291 3608 subductionem,

566 3634 891 3694 additionis
906 3660 921 3703 ;
953 3653 1150 3713 neque
1175 3632 1402 3693 residui
1425 3631 1818 3705 additionem,
1844 3630 2292 3698 subductionis;
