2462 4120
604 371 720 424 354
1058 383 1519 427 PROBLEMATA
1553 385 1871 427 PHYSICA.

301 541 413 575 CAP.
440 543 528 575 vn.
601 519 664 578 in
697 538 878 597 quam
908 520 1123 580 incidit
1151 529 1293 581 ante
1323 531 1674 601 perrumpat
1713 543 1894 603 quam
1925 524 2162 583 caeteris
2191 543 2331 602 par-

251 648 518 694 Demotuper-
603 613 783 685 tibus,
817 634 966 692 quas
994 635 1240 674 necesse
1271 626 1365 675 est
1394 615 1572 676 simul
1614 617 1852 689 cadere,
1895 617 2329 676 communicari

249 702 488 748 pendiculari,
515 707 582 738 etc.
600 708 812 786 possit·

684 802 762 861 A.
812 803 979 861 Ictus
1021 804 1220 863 mallei
1267 804 1506 863 clavum
1545 804 1847 881 profunde
1888 805 1952 863 in
1994 806 2227 884 lignum
2269 811 2330 863 et

601 896 802 956 subito
853 897 1077 976 adiget.
1169 898 1495 958 Quodnam
1540 898 1780 975 pondus
1826 900 2012 976 capiti
2058 898 2328 977 ersdem

601 989 757 1048 clavi
793 990 1163 1069 impositum,
1193 1011 1383 1069 usque
1426 990 1503 1048 ad
1555 990 1810 1049 eandem
1851 992 2330 1069 profunditatem

601 1084 827 1164 adiget,
868 1095 930 1144 et
978 1094 1205 1164 quanto
1252 1083 1571 1162 tempore?
1644 1085 1966 1144 Problema
2011 1087 2176 1145 6111111
2215 1096 2327 1158 est,

601 1179 767 1256 quod
795 1180 1014 1257 saepius
1038 1179 1243 1238 audivi
1273 1178 1612 1237 discussum
1641 1177 1803 1236 inter
1831 1179 2135 1257 physicos

684 1273 765 1333 B.
811 1273 1172 1332 Differentia
1200 1293 1336 1351 quae
1366 1281 1457 1331 est
1495 1271 1658 1330 inter
1686 1272 1938 1331 modum
1968 1291 2089 1351 quo
2119 1292 2328 1351 opera-

600 1376 700 1426 tur
728 1367 988 1446 pondUS,
1031 1377 1094 1425 et
1123 1366 1374 1424 modum
1404 1385 1523 1444 quo
1559 1375 1847 1443 operatur
1877 1366 2054 1438 ictus,
2084 1365 2232 1425 facit
2259 1375 2331 1424 ut

599 1461 866 1520 calculus
890 1461 968 1520 sit
999 1460 1404 1519 difficillimus,
1478 1459 1638 1518 Nam
1667 1459 1825 1518 ictus
1849 1459 1928 1518 ad
1949 1479 2139 1519 unum
2158 1459 2331 1538 quasi

597 1566 894 1633 punctum
922 1556 1092 1634 ligni,
1126 1554 1440 1613 celeritate
1481 1573 1592 1613 sua
1628 1554 2038 1613 resistentiam
2079 1562 2330 1614 caetera-

597 1669 735 1708 rum
780 1650 1047 1727 partium
1086 1648 1456 1708 antevertit:
1501 1647 1664 1707 unde
1705 1648 1910 1707 clavus
1947 1647 2188 1707 facilius
2234 1648 2331 1707 111-

596 1744 888 1821 greditur.
979 1742 1100 1802 Sed
1128 1741 1367 1821 pondus
1396 1761 1510 1801 nec
1539 1751 1781 1821 tempus
1810 1741 2136 1801 resistendi
2172 1762 2329 1821 prae-

596 1838 783 1910 venit,
842 1846 903 1896 et
958 1836 1368 1895 resistentiam
1425 1845 1629 1913 auget.
1745 1835 1866 1895 Sed
1916 1845 2209 1914 quantum
2267 1846 2331 1896 et

597 1941 826 2012 quanto
857 1941 1153 2010 tempore,
1185 1930 1335 1990 illud
1358 1938 1449 1991 est
1480 1930 1644 2009 quod
1670 1930 2075 1990 determinare
2104 1930 2330 2010 impos-

594 2026 766 2086 sibile
797 2046 926 2086 esse
956 2036 1124 2105 put0.

681 2121 762 2181 A.
811 2122 1112 2182 Quaenam
1148 2128 1240 2180 est
1279 2119 1623 2179 differentia
1656 2116 1758 2178 in*
1803 2118 2218 2178 reflectionem
2267 2126 2331 2187 et

595 2235 927 2288 recursum,
961 2216 1201 2295 qualem
1231 2214 1579 2293 experimur
1606 2213 1671 2271 in
1700 2214 2021 2272 tormentis
2050 2212 2281 2272 bellicis
2306 2211 2327 2271 ?

677 2310 755 2370 Β.
802 2311 1204 2390 Repercussio
1234 2308 1452 2381 01111115,
1483 2308 1728 2386 proprie
1770 2307 2098 2386 loquend0,
2124 2325 2330 2367 recur-

596 2424 698 2465 sus
742 2414 874 2465 est:
920 2414 983 2465 at
1032 2425 1156 2464 non
1209 2424 1242 2463 e
1289 2401 1599 2463 contrario
1646 2401 1843 2460 omnis
1895 2420 2177 2460 recursus
2235 2409 2327 2460 est

594 2499 992 2578 repercussio,
1080 2495 1482 2577 Repercussio
1534 2515 1771 2574 semper
1815 2496 1887 2554 fit
1933 2515 1970 2554 a
2015 2495 2328 2554 reactione

595 2594 866 2672 corporis
895 2593 1200 2672 percussi:
1247 2591 1354 2651 sed
1382 2609 1666 2650 recursus
1690 2608 1814 2648 non
1862 2608 2120 2668 semper.
2207 2589 2328 2648 Re-

594 2707 807 2747 cursus
838 2687 1001 2746 enim
1031 2707 1156 2746 non
1185 2687 1256 2746 fit
1283 2683 1617 2765 premendo
1657 2683 1970 2762 pulverem
2009 2683 2327 2752 nitratum‚

594 2781 703 2842 sed
730 2802 767 2842 a
795 2781 855 2840 vi
892 2782 1173 2854 flammae,
1207 2801 1344 2861 quae
1375 2799 1632 2840 accenso
1674 2777 1924 2858 pulvere
1955 2797 2326 2856 quaquaver-

594 2895 729 2935 sum
757 2876 1072 2954 aequaliter
1099 2885 1399 2936 movetur.

678 2969 760 3030 A.
807 2971 1145 3039 Recursum
1173 2970 1345 3030 illum
1375 2977 1588 3028 natum
1619 2986 1750 3026 esse
1780 2975 2064 3045 putaram
2087 2966 2164 3026 ab
2187 2985 2326 3025 aere

592 3063 657 3123 in
688 3085 984 3125 canonem
1025 3065 1319 3125 redeunte
1346 3071 1670 3143 postquam
1707 3062 1952 3121 flamma
1981 3069 2044 3120 et
2070 3061 2194 3140 pila
2223 3079 2327 3119 ex-

591 3159 782 3238 plosae
840 3170 1058 3219 essent.
1173 3160 1334 3219 Nam
1397 3165 1467 3216 ut
1524 3156 1644 3215 loci
1709 3165 1971 3227 tantum,
2031 3163 2326 3234 quantum

592 3273 855 3313 vacuum
909 3262 1162 3332 propter
1213 3251 1626 3331 explosionem
1678 3249 2146 3327 relinqueretur,
2197 3258 2323 3307 tam

593 3348 793 3408 subito
823 3367 960 3407 aere
990 3348 1259 3406 intrante
1282 3366 1392 3425 per
1414 3345 1688 3404 foramen
1714 3344 2003 3422 exiguum
2030 3342 2182 3402 illud
2205 3362 2324 3421 quo

590 3443 790 3521 pulvis
820 3441 1284 3518 accendebatur,
1316 3440 1556 3519 impleri
1585 3458 1760 3517 posse
1785 3458 1909 3498 non
1938 3447 2239 3516 putaram.

675 3537 755 3596 B.
801 3537 1073 3595 Flamma
1101 3535 1204 3593 illa
1233 3535 1385 3593 nihil
1426 3532 1590 3592 aliud
1621 3543 1715 3591 est
1754 3541 1977 3610 praeter
2013 3531 2323 3610 pulverem

1129 3689 1156 3717 ³*
1198 3688 1278 3736 Sic
1302 3689 1415 3736 edit.
1447 3689 1572 3736 1662
1598 3695 1647 3734 et
1676 3689 1816 3734 1668.
