2462 4120
799 341 1355 385 GEOMETRARUM.
1818 333 1928 386 391

943 606 1117 666 CAP.
1162 605 1211 664 Ι.

861 749 950 792 DE
1000 747 1300 792 PUNCTO.

212 860 588 919 DEFINITIO
621 856 892 916 Euclidis
920 857 1120 936 prima
1146 854 1370 936 puncti
1401 862 1513 928 est,
1541 854 1709 915 haec:
1743 876 1942 936 punc·-

212 961 337 1013 tum
371 950 613 1029 (σημεῖον)
649 960 744 1011 est
772 953 945 1031 cujus
962 971 1130 1033 pars
1154 948 1327 1010 milla
1357 956 1470 1008 est.

297 1045 463 1108 Quid
493 1046 848 1106 definitione
877 1047 992 1107 hac
1021 1044 1325 1105 intellexit
1361 1041 1668 1115 EuclideS,
1700 1042 1943 1103 difficile

213 1150 306 1201 est
335 1141 507 1201 scire.
595 1141 854 1220 Signum
884 1141 1067 1214 enim,
1099 1146 1399 1219 quatenus
1430 1137 1691 1217 signum,
1723 1157 1945 1196 nomen

214 1235 434 1316 quanti
462 1255 587 1294 non
617 1245 728 1310 est,
759 1236 867 1296 sed
895 1234 1244 1295 relationis:
1276 1252 1626 1312 quanquam
1656 1232 1946 1311 quicquid

214 1331 294 1391 sit
323 1329 489 1410 quod
516 1329 581 1389 in
611 1330 853 1409 signum
882 1330 1137 1409 alicujus
1166 1329 1257 1389 rei
1296 1335 1527 1388 statuas
1555 1327 1809 1400 visibile,
1838 1347 1946 1386 ne-

215 1425 478 1485 cessario
518 1445 737 1504 corpus
782 1426 880 1496 sit,
921 1435 984 1485 et
1032 1424 1289 1504 proinde
1335 1430 1617 1502 quantum
1660 1422 1843 1482 etiam
1886 1434 1949 1481 et

216 1519 514 1579 divisibile
573 1527 685 1592 est,
741 1529 804 1579 et
860 1529 1099 1598 partem
1155 1518 1380 1578 habere
1436 1526 1661 1596 potest.
1747 1516 1949 1576 Etiam

214 1613 402 1672 verba
428 1613 550 1686 illa,
582 1613 756 1691 cujus
776 1633 940 1693 pars
971 1622 1066 1673 est
1094 1612 1289 1686 milla,
1330 1611 1654 1690 dupliciter
1690 1610 1952 1688 intelligi

214 1716 504 1787 possunt:
549 1717 655 1766 aut
683 1727 794 1786 pro
827 1708 1087 1767 indiviso
1106 1729 1130 1775 ;
1158 1726 1299 1786 pars
1324 1706 1487 1765 enim
1510 1726 1632 1765 non
1663 1705 1951 1784 intelligi-

217 1811 338 1875 tur,
358 1801 475 1861 nisi
503 1801 608 1860 ubi
629 1802 1012 1879 praecesserit
1031 1801 1244 1860 divisio
1272 1825 1285 1859 :
1318 1800 1414 1860 vel
1434 1820 1546 1878 pro
1567 1798 1951 1872 indivisibili,

218 1895 385 1975 quod
406 1914 517 1975 per
545 1905 829 1954 naturam
860 1915 1031 1955 suam
1063 1895 1376 1955 divisionis
1405 1904 1497 1954 est
1525 1895 1804 1974 incapax.
1876 1894 1951 1953 In

215 1990 408 2070 priori
473 2009 673 2064 sensu,
732 2001 1032 2070 punctum
1092 1991 1402 2070 quantitas
1460 1998 1627 2049 recte
1691 1988 1948 2048 dicitur:

216 2089 282 2148 in
326 2089 687 2168 posteriore,
718 2109 845 2148 non
885 2089 1069 2158 item3
1116 2109 1256 2147 cum
1296 2086 1492 2147 omnis
1522 2086 1830 2166 quantitas
1861 2085 1953 2144 di-

217 2183 469 2244 visibilis
492 2182 574 2241 sit
597 2182 662 2241 in
685 2202 924 2262 semper
948 2183 1291 2243 divisibilia.
1351 2182 1566 2260 Itaque
1585 2182 1636 2240 si
1657 2192 1956 2259 punctum

219 2278 300 2338 sit
344 2277 731 2351 indivisibile,
780 2278 1014 2338 carebit
1063 2278 1225 2337 linea
1272 2277 1438 2337 omni
1494 2276 1847 2336 latitudine:
1893 2283 1956 2335 et

221 2372 366 2451 quia
385 2371 537 2431 nihil
567 2381 660 2430 est
688 2371 941 2450 longum
961 2371 1126 2451 quod
1144 2392 1269 2431 non
1297 2372 1518 2431 habeat
1547 2370 1954 2442 latitudinem,

221 2466 340 2526 erit
366 2465 529 2524 linea
555 2465 737 2543 plane
766 2465 939 2526 nihil.
1030 2466 1400 2545 Quanquam
1440 2466 1603 2525 enim
1636 2465 1955 2544 longitudo

220 2559 347 2620 lata
373 2580 499 2619 non
530 2559 626 2632 sit,
657 2559 912 2638 longum
942 2569 1150 2620 tamen
1180 2581 1359 2620 omne
1387 2560 1582 2619 latum
1604 2568 1714 2620 est.
1772 2559 1956 2618 Vide-

225 2663 327 2713 tur
366 2653 552 2712 etiam
591 2653 909 2712 Euclidem
950 2655 1152 2733 ipsum
1194 2655 1259 2714 in
1303 2675 1375 2714 ea
1421 2655 1706 2734 opinione
1751 2654 1955 2725 fuisse,

224 2759 541 2826 punctum,
574 2766 918 2825 quanquam
956 2757 1195 2827 partem
1237 2758 1380 2808 actu
1419 2769 1542 2808 non
1581 2749 1819 2820 habeat,
1849 2768 1959 2826 po-

226 2841 420 2901 tentia
450 2851 655 2899 tamen
686 2840 985 2902 divisibile
1015 2862 1147 2902 esse
1178 2852 1240 2902 et
1262 2843 1699 2922 quantitatem:
1732 2842 1960 2920 alioqui

228 2954 354 2994 non
398 2934 765 3012 postulasset
794 2955 830 2994 a
867 2946 1096 3014 puncto
1138 2937 1216 2996 ad
1262 2946 1559 3015 punctum
1600 2938 1740 2997 duci
1782 2956 1959 3015 posse

229 3028 455 3087 lineam
508 3038 777 3086 rectam:
839 3029 1003 3106 quod
1047 3030 1420 3109 impossibile
1476 3040 1585 3104 est,
1636 3031 1753 3090 nisi
1803 3031 1963 3089 linea

232 3122 457 3181 habeat
496 3121 885 3181 latitudinem
915 3124 1199 3202 aliquam.
1284 3125 1514 3184 Verum
1544 3126 1667 3184 sive
1712 3125 1799 3184 ita
1827 3144 1961 3183 sen-

235 3215 382 3275 serit
410 3214 711 3288 EuclideS,
742 3215 868 3275 sive
897 3217 1092 3291 aliter,
1123 3219 1516 3279 manifestum
1546 3230 1639 3278 est
1667 3228 1962 3297 punctum

238 3309 535 3370 divisibile
567 3329 715 3382 esse,
746 3329 821 3368 ex
852 3330 923 3370 eo
955 3312 1138 3389 quod,
1171 3323 1339 3373 secta
1366 3314 1526 3372 linea
1554 3314 1618 3372 in
1650 3313 1797 3371 duas
1825 3331 1964 3389 par-

232 3414 350 3477 teS,
380 3403 627 3463 habebit
655 3413 914 3481 utraque
942 3425 1083 3483 pars
1107 3406 1257 3466 duos
1286 3409 1600 3481 terminOS,
1626 3407 1688 3466 id
1712 3414 1820 3475 est,
1843 3405 1963 3464 duo

239 3508 470 3579 puncta
498 3508 804 3556 extrema:
851 3507 912 3556 et
940 3518 1050 3577 per
1082 3521 1457 3580 consequens
1496 3509 1790 3579 punctum
1820 3499 1966 3557 divi-

244 3593 394 3653 dens
431 3599 687 3665 secatur,
719 3592 768 3651 si
798 3593 1104 3670 quantitas
1144 3595 1242 3666 sit,
1272 3596 1336 3654 in
1377 3595 1525 3654 duas
1557 3594 1925 3672 quantitates
1951 3618 1966 3661 ;

2043 885 2155 918 CAP.
2182 886 2215 918 1.

2008 941 2244 970 *w--ae

2013 1000 2069 1036 De
2086 1003 2233 1047 puncto.
