2462 4120
285 546 423 579 PROP.
448 547 538 580 XII.

297 605 533 633 *5⁶⁴

606 376 725 429 506
1147 389 1565 431 DUPLICATIO
1602 391 1786 433 cum.

687 525 943 584 Constat
965 524 1131 598 item,
1163 526 1212 585 si
1241 527 1304 585 in
1338 537 1506 587 recta
1536 528 1673 602 GH,
1706 547 1839 606 quae
1871 536 1959 588 est
1992 528 2175 607 dupla
2206 527 2329 602 OG,

603 630 877 679 sumatur
907 619 1003 699 Gp
1035 641 1171 699 quae
1201 622 1280 680 sit
1325 621 1509 700 dupla
1538 623 1665 690 Ae;
1711 643 1850 681 cum
1897 623 1975 682 Gi
2022 623 2100 682 sit
2148 621 2333 701 dupla

602 715 684 772 Ze
709 740 723 782 ;
770 723 1032 792 quatuor
1060 726 1256 775 rectas
1286 716 1423 788 GH,
1456 717 1549 787 Gi,
1573 714 1688 796 (ΞΡ,
1716 715 1838 789 GC,
1875 737 2004 776 esse
2045 716 2332 776 continue

601 808 1107 886 proportionales,
1196 809 1412 888 Itaque
1457 810 1658 888 posito
1708 812 1932 870 cubum
1966 832 2003 870 a
2042 810 2158 870 GH
2204 830 2333 870 esse

603 910 704 975 64,
737 903 927 961 cubus
957 923 993 961 a
1022 902 1098 962 Gi
1127 903 1240 962 erit
1273 912 1370 976 32,
1406 905 1595 962 cubus
1624 923 1660 962 a
1690 904 1785 982 Gp
1823 911 1915 977 16,
1942 906 2131 964 cubus
2162 924 2199 963 a
2228 905 2334 964 GC

606 1004 662 1068 8,
686 997 875 1056 cubus
905 1017 941 1056 a
969 996 1052 1056 Ze
1076 1005 1135 1070 4,
1157 998 1346 1056 cubus
1370 998 1445 1056 ab
1476 997 1546 1056 eb
1580 1000 1636 1070 2,
1662 999 1849 1057 cubus
1880 1019 1916 1058 a
1945 999 2014 1057 kl
2039 998 2134 1057 vel
2155 999 2251 1057 Alc
2279 1006 2331 1058 l.

686 1092 861 1164 Item,
892 1091 1190 1170 sphaeram
1221 1091 1421 1150 medio
1467 1092 1601 1150 loco
1642 1093 2163 1170 proportionalem
2202 1113 2333 1152 esse

602 1184 765 1244 inter
795 1186 1018 1244 cubum
1042 1206 1079 1244 a
1109 1186 1200 1244 sui
1232 1186 1419 1263 ipsius
1451 1185 1770 1257 diametr0‚
1796 1195 1857 1245 et
1881 1187 2103 1245 cubum
2132 1206 2169 1245 a
2191 1206 2332 1265 qua-

604 1278 821 1339 drante
850 1279 1164 1358 perimetri
1195 1279 1409 1337 circuli
1440 1279 1530 1337 sui
1564 1278 1827 1339 maximi.

686 1374 862 1446 Item,
893 1374 1088 1432 latera
1136 1373 1404 1451 quinque
1454 1373 1787 1450 figurarum
1837 1371 2208 1450 regularium
2249 1372 2336 1445 (in

601 1467 716 1526 hac
746 1469 943 1546 figura
967 1467 1029 1542 ii)
1053 1466 1512 1544 distinguuntur
1536 1467 1694 1525 sicut
1723 1467 2013 1546 sequitur.
2102 1466 2168 1526 Si
2197 1487 2334 1526 cen·

601 1571 698 1622 tro
730 1563 793 1635 P,
825 1561 1143 1620 intervallo
1185 1561 1286 1620 PY
1316 1561 1412 1619 vel
1449 1561 1577 1632 Po,
1625 1561 2007 1621 describatur
2054 1561 2334 1635 circuluS,

601 1657 761 1715 latus
792 1655 1122 1733 pentagoni
1145 1655 1371 1713 circulo
1401 1655 1544 1713 hino
1576 1655 1855 1733 inseripti
1886 1655 2002 1715 erit
2029 1656 2187 1715 latus
2216 1656 2335 1716 ico-

602 1750 843 1809 sahedri
892 1749 1171 1827 inscripti
1223 1749 1475 1828 sphaerae
1517 1751 1690 1828 eujus
1743 1749 2038 1809 diameter
2084 1759 2177 1810 est
2223 1750 2335 1822 00,

602 1854 880 1903 centrum
904 1843 944 1903 l.
1033 1844 1192 1902 Nam
1217 1843 1582 1922 quadratum
1612 1845 1688 1904 ab
1719 1845 1822 1904 YP
1850 1845 1945 1904 vel
1970 1844 2079 1905 ΡΘ.
2106 1844 2337 1921 aequale

602 1950 695 1997 est
725 1938 989 2016 quinque
1034 1937 1347 2016 quadratis
1387 1958 1424 1996 a
1459 1938 1672 2016 quinta
1709 1947 1883 2017 parte
1924 1937 2204 1998 diametri
2245 1938 2336 1997 Oo

600 2033 695 2091 vel
728 2029 850 2093 GC.
925 2030 1077 2092 Cum
1107 2032 1270 2091 enim
1300 2032 1666 2111 quadratum
1691 2054 1727 2092 a
1758 2031 1860 2094 GC
1892 2032 2125 2111 aequale
2156 2032 2233 2092 sit
2255 2039 2334 2092 25

602 2126 915 2205 quadratis
962 2147 998 2185 a
1043 2127 1256 2205 quinta
1303 2127 1395 2186 sui
1442 2137 1635 2205 parte,
1684 2127 2050 2206 quadratum
2097 2127 2173 2186 ab
2219 2126 2337 2187 ΥΟ,

604 2221 834 2299 aequale
875 2221 991 2280 erit
1021 2229 1100 2281 20
1149 2221 1460 2300 quadratis
1511 2243 1547 2281 a
1587 2222 1801 2300 quinta
1846 2231 2021 2300 parte
2066 2220 2337 2299 ejusdem

605 2314 708 2373 GC
738 2314 833 2375 vel
863 2315 972 2374 00.
1018 2315 1181 2393 Ergo
1213 2315 1577 2393 quadratum
1608 2317 1683 2374 ab
1707 2316 1810 2374 YP
1839 2315 1933 2375 vel
1969 2315 2094 2388 Pa,
2117 2333 2336 2392 nempe

604 2418 819 2486 quarta
863 2428 1003 2486 pars
1044 2408 1329 2486 quadrati
1378 2410 1454 2468 ab
1488 2407 1625 2482 YQ,
1659 2409 1890 2488 aequale
1937 2418 2029 2468 est
2071 2409 2336 2488 quinque

606 2503 919 2582 quadratis
943 2523 979 2562 a
1007 2503 1220 2581 quinta
1250 2512 1421 2581 parte
1457 2503 1737 2561 diametri
1767 2503 1878 2562 00.
1969 2503 2174 2563 Quare
2202 2502 2338 2580 (per

602 2597 773 2656 Eucl.
821 2597 945 2655 xiii.
1003 2598 1100 2667 16)
1157 2596 1317 2655 latus
1370 2595 1711 2655 icosahedri
1766 2597 2020 2674 sphaerae
2060 2596 2338 2674 inseripti

604 2692 776 2770 eujus
807 2691 1104 2750 diamater
1133 2699 1226 2749 est
1257 2691 1367 2762 00,
1399 2690 1628 2769 aequale
1659 2699 1750 2749 est
1788 2690 1967 2749 lateri
2007 2689 2338 2769 pentagoni

602 2785 880 2863 inscripti
911 2784 1139 2843 circulo
1171 2785 1341 2861 cujus
1374 2783 1669 2843 diameter
1695 2792 1787 2843 est
1818 2781 1956 2857 YQ.

686 2880 874 2939 Latus
906 2879 1045 2939 cubi
1092 2878 1289 2938 eidem
1320 2878 1572 2957 sphaerae
1602 2878 1881 2956 inscripti
1911 2886 2001 2937 est
2043 2885 2215 2936 reeta
2243 2877 2338 2936 Ga

603 2975 699 3034 vel
729 2974 821 3048 Gi,
845 2994 1062 3052 nempe
1091 2982 1348 3051 tangens
1380 2979 1459 3032 30
1486 2973 1788 3051 graduum
1818 2972 1879 3031 in
1913 2971 2141 3031 circulo
2167 2972 2338 3049 cujus

606 3068 1059 3128 semidiameter
1090 3075 1180 3126 est
1217 3066 1338 3126 BC.
1427 3066 1587 3125 Nam
1619 3066 1741 3136 BC,
1776 3065 1902 3125 sive
1947 3064 2057 3137 00,
2088 3064 2338 3141 triplum

605 3171 813 3241 potest
863 3160 1171 3240 tangentis
1208 3167 1286 3220 30
1317 3160 1638 3239 graduum,
1681 3159 1939 3239 ideoque
1980 3159 2115 3236 (per
2161 3157 2336 3217 Eucl.

604 3257 731 3317 xiii.
771 3256 869 3332 15)
905 3255 1001 3315 Ga
1030 3263 1120 3314 est
1158 3254 1317 3313 latus
1347 3255 1487 3313 cubi
1517 3253 1795 3333 inscripti
1835 3252 2032 3312 eidem
2062 3251 2335 3330 sphaerae.

689 3351 877 3410 Latus
903 3347 1310 3408 dodecahedri
1339 3348 1402 3406 in
1424 3347 1636 3407 eadem
1662 3347 1900 3426 sphaera
1927 3344 2226 3423 inscripti,
2245 3353 2338 3403 est

605 3446 800 3522 majus
831 3452 1211 3522 segmentum
1241 3451 1425 3502 rectae
1457 3442 1568 3514 Ga,
1600 3441 1664 3500 id
1695 3450 1789 3500 est
1820 3439 2025 3499 lateris
2055 3437 2216 3510 cubi,
2239 3457 2335 3496 ex-

605 3548 801 3598 trema
831 3548 892 3598 et
913 3536 1115 3596 media
1144 3535 1381 3595 ratione
1412 3536 1561 3595 secti
1598 3535 1732 3613 (per
1765 3533 1939 3592 Euel.
1964 3532 2089 3592 xiii.
2129 3531 2253 3609 17).

691 3634 877 3694 Latus
909 3630 1244 3692 tetrahedri
1276 3630 1506 3709 aequale
1537 3640 1629 3690 est
1658 3637 1841 3688 rectae
1873 3647 2006 3707 quae
2026 3623 2336 3686 subtendit
