<?xml version="1.0" encoding="UTF-8"?>
<!DOCTYPE html PUBLIC "-//W3C//DTD XHTML 1.0 Transitional//EN"
    "http://www.w3.org/TR/xhtml1/DTD/xhtml1-transitional.dtd">
<html xmlns="http://www.w3.org/1999/xhtml" xml:lang="en" lang="en">
 <head>
  <title>
</title>
<meta http-equiv="Content-Type" content="text/html;charset=utf-8" />
  <meta name='ocr-system' content='tesseract 3.04.00' />
  <meta name='ocr-capabilities' content='ocr_page ocr_carea ocr_par ocr_line ocrx_word'/>
</head>
<body>
  <div class='ocr_page' id='page_1' title='image "./operaphilosophic04hobbuoft_0430.png"; bbox 0 0 2462 4120; ppageno 0'>
   <div class='ocr_carea' id='block_1_1' title="bbox 252 472 493 555">
    <p class='ocr_par' dir='ltr' id='par_1_1' title="bbox 252 472 493 555">
     <span class='ocr_line' id='line_1_1' title="bbox 252 472 473 505; baseline 0.009 -2"><span class='ocrx_word' id='word_1_1' title='bbox 252 472 363 504; x_wconf 87' lang='lat' dir='ltr'><strong>cAP.</strong></span> <span class='ocrx_word' id='word_1_2' title='bbox 385 473 473 505; x_wconf 86' lang='lat' dir='ltr'><strong>XII.</strong></span> 
     </span>
     <span class='ocr_line' id='line_1_2' title="bbox 258 531 493 555; baseline 0.004 -9"><span class='ocrx_word' id='word_1_3' title='bbox 258 531 493 555; x_wconf 41' lang='lat' dir='ltr'>b—W——d</span> 
     </span>
    </p>
   </div>
   <div class='ocr_carea' id='block_1_2' title="bbox 259 577 473 667">
    <p class='ocr_par' dir='ltr' id='par_1_2' title="bbox 259 577 473 667">
     <span class='ocr_line' id='line_1_3' title="bbox 262 577 459 612; baseline 0.005 -1"><span class='ocrx_word' id='word_1_4' title='bbox 262 577 318 612; x_wconf 91' lang='lat' dir='ltr'>De</span> <span class='ocrx_word' id='word_1_5' title='bbox 335 578 459 612; x_wconf 88' lang='lat' dir='ltr'>iisdem</span> 
     </span>
     <span class='ocr_line' id='line_1_4' title="bbox 259 631 473 667; baseline 0.009 -2"><span class='ocrx_word' id='word_1_6' title='bbox 259 631 473 667; x_wconf 80' lang='lat' dir='ltr'>rationibus.</span> 
     </span>
    </p>
   </div>
   <div class='ocr_carea' id='block_1_3' title="bbox 561 301 2050 365">
    <p class='ocr_par' dir='ltr' id='par_1_3' title="bbox 561 301 2050 365">
     <span class='ocr_line' id='line_1_5' title="bbox 561 301 2050 365; baseline 0.007 -11"><span class='ocrx_word' id='word_1_7' title='bbox 561 301 682 355; x_wconf 80' lang='lat'>418</span> <span class='ocrx_word' id='word_1_8' title='bbox 798 315 885 356; x_wconf 89' lang='lat' dir='ltr'>DE</span> <span class='ocrx_word' id='word_1_9' title='bbox 919 317 1297 360; x_wconf 86' lang='lat' dir='ltr'>PRINCIPIIS</span> <span class='ocrx_word' id='word_1_10' title='bbox 1334 320 1415 361; x_wconf 89' lang='lat' dir='ltr'>ET</span> <span class='ocrx_word' id='word_1_11' title='bbox 1450 319 2050 365; x_wconf 72' lang='lat' dir='ltr'>RATIOCINATIONE</span> 
     </span>
    </p>
   </div>
   <div class='ocr_carea' id='block_1_4' title="bbox 541 451 2283 3645">
    <p class='ocr_par' dir='ltr' id='par_1_4' title="bbox 558 451 2283 1006">
     <span class='ocr_line' id='line_1_6' title="bbox 559 451 2280 541; baseline 0.008 -31"><span class='ocrx_word' id='word_1_12' title='bbox 559 451 914 531; x_wconf 84' lang='lat' dir='ltr'>buseunque</span> <span class='ocrx_word' id='word_1_13' title='bbox 972 458 1237 516; x_wconf 89' lang='lat' dir='ltr'>numeris</span> <span class='ocrx_word' id='word_1_14' title='bbox 1295 457 1549 516; x_wconf 90' lang='lat' dir='ltr'>eandem</span> <span class='ocrx_word' id='word_1_15' title='bbox 1616 458 1976 520; x_wconf 83' lang='lat' dir='ltr'>habentibus</span> <span class='ocrx_word' id='word_1_16' title='bbox 2034 482 2280 541; x_wconf 89' lang='lat' dir='ltr'>propor-</span> 
     </span>
     <span class='ocr_line' id='line_1_7' title="bbox 561 545 2283 616; baseline 0.006 -12"><span class='ocrx_word' id='word_1_17' title='bbox 561 545 827 616; x_wconf 90' lang='lat' dir='ltr'>tionem;</span> <span class='ocrx_word' id='word_1_18' title='bbox 874 548 1089 609; x_wconf 91' lang='lat' dir='ltr'>deinde</span> <span class='ocrx_word' id='word_1_19' title='bbox 1120 551 1279 609; x_wconf 92' lang='lat' dir='ltr'>idem</span> <span class='ocrx_word' id='word_1_20' title='bbox 1311 551 1726 612; x_wconf 87' lang='lat' dir='ltr'>demonstrare</span> <span class='ocrx_word' id='word_1_21' title='bbox 1749 555 2073 614; x_wconf 82' lang='lat' dir='ltr'>convenire</span> <span class='ocrx_word' id='word_1_22' title='bbox 2100 556 2283 615; x_wconf 87' lang='lat' dir='ltr'>etiam</span> 
     </span>
     <span class='ocr_line' id='line_1_8' title="bbox 560 638 2281 727; baseline 0.006 -29"><span class='ocrx_word' id='word_1_23' title='bbox 560 638 623 698; x_wconf 93' lang='lat' dir='ltr'>in</span> <span class='ocrx_word' id='word_1_24' title='bbox 654 645 1311 704; x_wconf 72' lang='lat' dir='ltr'>commensurabilibus</span> <span class='ocrx_word' id='word_1_25' title='bbox 1401 646 1539 704; x_wconf 89' lang='lat' dir='ltr'>Hoc</span> <span class='ocrx_word' id='word_1_26' title='bbox 1569 654 1773 706; x_wconf 88' lang='lat' dir='ltr'>tamen</span> <span class='ocrx_word' id='word_1_27' title='bbox 1803 668 2101 726; x_wconf 83' lang='lat' dir='ltr'>nusquam</span> <span class='ocrx_word' id='word_1_28' title='bbox 2131 669 2281 727; x_wconf 80' lang='lat' dir='ltr'>prae-</span> 
     </span>
     <span class='ocr_line' id='line_1_9' title="bbox 561 734 2280 816; baseline 0.005 -23"><span class='ocrx_word' id='word_1_29' title='bbox 561 734 773 794; x_wconf 90' lang='lat' dir='ltr'>stitum</span> <span class='ocrx_word' id='word_1_30' title='bbox 809 747 918 796; x_wconf 91' lang='lat' dir='ltr'>est.</span> <span class='ocrx_word' id='word_1_31' title='bbox 1006 739 1218 816; x_wconf 89' lang='lat' dir='ltr'>Itaque</span> <span class='ocrx_word' id='word_1_32' title='bbox 1268 737 1430 797; x_wconf 92' lang='lat' dir='ltr'>idem</span> <span class='ocrx_word' id='word_1_33' title='bbox 1481 748 1571 798; x_wconf 92' lang='lat' dir='ltr'>est</span> <span class='ocrx_word' id='word_1_34' title='bbox 1617 760 1687 799; x_wconf 86' lang='lat' dir='ltr'>ac</span> <span class='ocrx_word' id='word_1_35' title='bbox 1734 742 1784 799; x_wconf 92' lang='lat' dir='ltr'>si</span> <span class='ocrx_word' id='word_1_36' title='bbox 1831 742 2098 814; x_wconf 82' lang='lat' dir='ltr'>dixisset,</span> <span class='ocrx_word' id='word_1_37' title='bbox 2145 743 2280 802; x_wconf 89' lang='lat' dir='ltr'>ideo</span> 
     </span>
     <span class='ocr_line' id='line_1_10' title="bbox 558 828 2280 912; baseline 0.005 -25"><span class='ocrx_word' id='word_1_38' title='bbox 558 828 728 887; x_wconf 89' lang='lat' dir='ltr'>illum</span> <span class='ocrx_word' id='word_1_39' title='bbox 747 833 1225 909; x_wconf 83' lang='lat' dir='ltr'>proportionalia</span> <span class='ocrx_word' id='word_1_40' title='bbox 1245 832 1329 891; x_wconf 86' lang='lat' dir='ltr'>sic</span> <span class='ocrx_word' id='word_1_41' title='bbox 1350 832 1675 906; x_wconf 89' lang='lat' dir='ltr'>definiisse,</span> <span class='ocrx_word' id='word_1_42' title='bbox 1701 836 1844 912; x_wconf 91' lang='lat' dir='ltr'>quia</span> <span class='ocrx_word' id='word_1_43' title='bbox 1863 836 2280 895; x_wconf 88' lang='lat' dir='ltr'>definitionem</span> 
     </span>
     <span class='ocr_line' id='line_1_11' title="bbox 558 923 1756 1006; baseline 0.004 -24"><span class='ocrx_word' id='word_1_44' title='bbox 558 923 871 984; x_wconf 91' lang='lat' dir='ltr'>meliorem</span> <span class='ocrx_word' id='word_1_45' title='bbox 901 926 1171 984; x_wconf 91' lang='lat' dir='ltr'>nondum</span> <span class='ocrx_word' id='word_1_46' title='bbox 1201 935 1444 1004; x_wconf 86' lang='lat' dir='ltr'>poterat</span> <span class='ocrx_word' id='word_1_47' title='bbox 1473 929 1756 1006; x_wconf 89' lang='lat' dir='ltr'>reperire.</span> 
     </span>
    </p>

    <p class='ocr_par' dir='ltr' id='par_1_5' title="bbox 541 1019 2281 3645">
     <span class='ocr_line' id='line_1_12' title="bbox 639 1019 2278 1100; baseline 0.004 -23"><span class='ocrx_word' id='word_1_48' title='bbox 639 1019 1039 1096; x_wconf 86' lang='lat' dir='ltr'>Exponantur</span> <span class='ocrx_word' id='word_1_49' title='bbox 1109 1030 1370 1098; x_wconf 87' lang='lat' dir='ltr'>quatuor</span> <span class='ocrx_word' id='word_1_50' title='bbox 1452 1022 1691 1080; x_wconf 92' lang='lat' dir='ltr'>numeri</span> <span class='ocrx_word' id='word_1_51' title='bbox 1775 1023 2278 1100; x_wconf 77' lang='lat' dir='ltr'>proportionaleS,</span> 
     </span>
     <span class='ocr_line' id='line_1_13' title="bbox 559 1113 2281 1178; baseline 0.004 -8"><span class='ocrx_word' id='word_1_52' title='bbox 559 1118 596 1171; x_wconf 83' lang='lat'>8</span> <span class='ocrx_word' id='word_1_53' title='bbox 623 1120 693 1171; x_wconf 89' lang='lat'>:4</span> <span class='ocrx_word' id='word_1_54' title='bbox 731 1136 782 1171; x_wconf 79' lang='lat' dir='ltr'>z:</span> <span class='ocrx_word' id='word_1_55' title='bbox 815 1121 852 1172; x_wconf 87' lang='lat'>6</span> <span class='ocrx_word' id='word_1_56' title='bbox 879 1137 891 1172; x_wconf 92' lang='lat'>:</span> <span class='ocrx_word' id='word_1_57' title='bbox 915 1121 971 1173; x_wconf 89' lang='lat'>3.</span> <span class='ocrx_word' id='word_1_58' title='bbox 1058 1113 1242 1172; x_wconf 89' lang='lat' dir='ltr'>Vides</span> <span class='ocrx_word' id='word_1_59' title='bbox 1284 1113 1383 1173; x_wconf 86' lang='lat' dir='ltr'>hic</span> <span class='ocrx_word' id='word_1_60' title='bbox 1427 1114 1577 1174; x_wconf 89' lang='lat' dir='ltr'>duas</span> <span class='ocrx_word' id='word_1_61' title='bbox 1618 1115 1945 1175; x_wconf 83' lang='lat' dir='ltr'>relationes</span> <span class='ocrx_word' id='word_1_62' title='bbox 1983 1117 2171 1178; x_wconf 91' lang='lat' dir='ltr'>totius</span> <span class='ocrx_word' id='word_1_63' title='bbox 2202 1119 2281 1177; x_wconf 89' lang='lat' dir='ltr'>ad</span> 
     </span>
     <span class='ocr_line' id='line_1_14' title="bbox 557 1206 2280 1271; baseline 0.003 -6"><span class='ocrx_word' id='word_1_64' title='bbox 557 1206 908 1266; x_wconf 88' lang='lat' dir='ltr'>dimidium:</span> <span class='ocrx_word' id='word_1_65' title='bbox 970 1218 1111 1267; x_wconf 88' lang='lat' dir='ltr'>sunt</span> <span class='ocrx_word' id='word_1_66' title='bbox 1167 1208 1330 1266; x_wconf 90' lang='lat' dir='ltr'>enim</span> <span class='ocrx_word' id='word_1_67' title='bbox 1390 1217 1585 1268; x_wconf 91' lang='lat' dir='ltr'>totum</span> <span class='ocrx_word' id='word_1_68' title='bbox 1637 1218 1698 1268; x_wconf 90' lang='lat' dir='ltr'>et</span> <span class='ocrx_word' id='word_1_69' title='bbox 1750 1210 2066 1269; x_wconf 89' lang='lat' dir='ltr'>dimidium</span> <span class='ocrx_word' id='word_1_70' title='bbox 2125 1212 2280 1271; x_wconf 89' lang='lat' dir='ltr'>rela-</span> 
     </span>
     <span class='ocr_line' id='line_1_15' title="bbox 556 1300 2280 1375; baseline 0.002 -16"><span class='ocrx_word' id='word_1_71' title='bbox 556 1300 699 1373; x_wconf 78' lang='lat' dir='ltr'>tiva,</span> <span class='ocrx_word' id='word_1_72' title='bbox 732 1311 795 1359; x_wconf 92' lang='lat' dir='ltr'>et</span> <span class='ocrx_word' id='word_1_73' title='bbox 829 1301 1042 1360; x_wconf 90' lang='lat' dir='ltr'>relatio</span> <span class='ocrx_word' id='word_1_74' title='bbox 1082 1301 1268 1360; x_wconf 90' lang='lat' dir='ltr'>totius</span> <span class='ocrx_word' id='word_1_75' title='bbox 1300 1307 1336 1360; x_wconf 90' lang='grc'>8</span> <span class='ocrx_word' id='word_1_76' title='bbox 1368 1301 1446 1360; x_wconf 90' lang='lat' dir='ltr'>ad</span> <span class='ocrx_word' id='word_1_77' title='bbox 1491 1302 1809 1361; x_wconf 90' lang='lat' dir='ltr'>dimidium</span> <span class='ocrx_word' id='word_1_78' title='bbox 1856 1322 2031 1362; x_wconf 89' lang='lat' dir='ltr'>suum</span> <span class='ocrx_word' id='word_1_79' title='bbox 2078 1312 2137 1375; x_wconf 91' lang='lat'>4,</span> <span class='ocrx_word' id='word_1_80' title='bbox 2181 1324 2280 1364; x_wconf 88' lang='lat' dir='ltr'>ea-</span> 
     </span>
     <span class='ocr_line' id='line_1_16' title="bbox 556 1394 2279 1473; baseline 0.002 -19"><span class='ocrx_word' id='word_1_81' title='bbox 556 1394 695 1454; x_wconf 90' lang='lat' dir='ltr'>dem</span> <span class='ocrx_word' id='word_1_82' title='bbox 740 1395 957 1454; x_wconf 88' lang='lat' dir='ltr'>relatio</span> <span class='ocrx_word' id='word_1_83' title='bbox 1006 1415 1141 1473; x_wconf 87' lang='lat' dir='ltr'>quae</span> <span class='ocrx_word' id='word_1_84' title='bbox 1191 1394 1375 1454; x_wconf 90' lang='lat' dir='ltr'>totius</span> <span class='ocrx_word' id='word_1_85' title='bbox 1422 1401 1459 1454; x_wconf 94' lang='lat'>6</span> <span class='ocrx_word' id='word_1_86' title='bbox 1511 1395 1590 1454; x_wconf 89' lang='lat' dir='ltr'>ad</span> <span class='ocrx_word' id='word_1_87' title='bbox 1641 1415 1816 1454; x_wconf 90' lang='lat' dir='ltr'>suum</span> <span class='ocrx_word' id='word_1_88' title='bbox 1865 1396 2180 1456; x_wconf 89' lang='lat' dir='ltr'>dimidium</span> <span class='ocrx_word' id='word_1_89' title='bbox 2221 1406 2279 1459; x_wconf 90' lang='lat'>3.</span> 
     </span>
     <span class='ocr_line' id='line_1_17' title="bbox 556 1489 2278 1568; baseline 0.003 -21"><span class='ocrx_word' id='word_1_90' title='bbox 556 1489 726 1548; x_wconf 87' lang='lat' dir='ltr'>Idem</span> <span class='ocrx_word' id='word_1_91' title='bbox 785 1489 905 1548; x_wconf 87' lang='lat' dir='ltr'>dici</span> <span class='ocrx_word' id='word_1_92' title='bbox 952 1490 1136 1548; x_wconf 90' lang='lat' dir='ltr'>etiam</span> <span class='ocrx_word' id='word_1_93' title='bbox 1184 1498 1386 1567; x_wconf 90' lang='lat' dir='ltr'>potest</span> <span class='ocrx_word' id='word_1_94' title='bbox 1438 1489 1513 1548; x_wconf 90' lang='lat' dir='ltr'>de</span> <span class='ocrx_word' id='word_1_95' title='bbox 1570 1490 1787 1563; x_wconf 85' lang='lat' dir='ltr'>tertiiS,</span> <span class='ocrx_word' id='word_1_96' title='bbox 1838 1491 2090 1568; x_wconf 78' lang='lat' dir='ltr'>quartiS‚</span> <span class='ocrx_word' id='word_1_97' title='bbox 2138 1502 2278 1567; x_wconf 68' lang='lat' dir='ltr'>etc„</span> 
     </span>
     <span class='ocr_line' id='line_1_18' title="bbox 553 1583 2279 1663; baseline 0.003 -21"><span class='ocrx_word' id='word_1_98' title='bbox 553 1603 723 1661; x_wconf 87' lang='lat' dir='ltr'>aeque</span> <span class='ocrx_word' id='word_1_99' title='bbox 763 1604 834 1642; x_wconf 86' lang='lat' dir='ltr'>ac</span> <span class='ocrx_word' id='word_1_100' title='bbox 886 1583 959 1642; x_wconf 92' lang='lat' dir='ltr'>de</span> <span class='ocrx_word' id='word_1_101' title='bbox 1002 1584 1284 1644; x_wconf 79' lang='lat' dir='ltr'>dimidiis,</span> <span class='ocrx_word' id='word_1_102' title='bbox 1390 1585 1564 1644; x_wconf 88' lang='lat' dir='ltr'>Patet</span> <span class='ocrx_word' id='word_1_103' title='bbox 1612 1604 1757 1663; x_wconf 85' lang='lat' dir='ltr'>ergo</span> <span class='ocrx_word' id='word_1_104' title='bbox 1805 1586 2106 1644; x_wconf 87' lang='lat' dir='ltr'>rationem</span> <span class='ocrx_word' id='word_1_105' title='bbox 2148 1606 2279 1647; x_wconf 89' lang='lat' dir='ltr'>esse</span> 
     </span>
     <span class='ocr_line' id='line_1_19' title="bbox 551 1678 2279 1741; baseline 0.002 -5"><span class='ocrx_word' id='word_1_106' title='bbox 551 1678 946 1737; x_wconf 88' lang='lat' dir='ltr'>relationem:</span> <span class='ocrx_word' id='word_1_107' title='bbox 994 1688 1055 1738; x_wconf 91' lang='lat' dir='ltr'>et</span> <span class='ocrx_word' id='word_1_108' title='bbox 1099 1680 1398 1738; x_wconf 90' lang='lat' dir='ltr'>rationem</span> <span class='ocrx_word' id='word_1_109' title='bbox 1445 1678 1700 1738; x_wconf 90' lang='lat' dir='ltr'>eandem</span> <span class='ocrx_word' id='word_1_110' title='bbox 1741 1699 1871 1739; x_wconf 92' lang='lat' dir='ltr'>esse</span> <span class='ocrx_word' id='word_1_111' title='bbox 1921 1681 2279 1741; x_wconf 86' lang='lat' dir='ltr'>relationem</span> 
     </span>
     <span class='ocr_line' id='line_1_20' title="bbox 552 1771 2280 1853; baseline 0.002 -23"><span class='ocrx_word' id='word_1_112' title='bbox 552 1771 826 1831; x_wconf 88' lang='lat' dir='ltr'>eandem.</span> <span class='ocrx_word' id='word_1_113' title='bbox 873 1773 952 1831; x_wconf 91' lang='lat' dir='ltr'>Et</span> <span class='ocrx_word' id='word_1_114' title='bbox 970 1782 1294 1851; x_wconf 86' lang='lat' dir='ltr'>propterea</span> <span class='ocrx_word' id='word_1_115' title='bbox 1317 1772 1777 1850; x_wconf 88' lang='lat' dir='ltr'>proportionem</span> <span class='ocrx_word' id='word_1_116' title='bbox 1801 1773 1864 1832; x_wconf 91' lang='lat' dir='ltr'>in</span> <span class='ocrx_word' id='word_1_117' title='bbox 1884 1774 2152 1833; x_wconf 88' lang='lat' dir='ltr'>numeris</span> <span class='ocrx_word' id='word_1_118' title='bbox 2171 1795 2280 1853; x_wconf 89' lang='lat' dir='ltr'>per</span> 
     </span>
     <span class='ocr_line' id='line_1_21' title="bbox 541 1866 2278 1945; baseline 0.003 -21"><span class='ocrx_word' id='word_1_119' title='bbox 541 1874 767 1945; x_wconf 71' lang='lat' dir='ltr'>partes</span> <span class='ocrx_word' id='word_1_120' title='bbox 797 1866 1040 1926; x_wconf 76' lang='lat' dir='ltr'>easdem</span> <span class='ocrx_word' id='word_1_121' title='bbox 1069 1877 1237 1926; x_wconf 84' lang='lat' dir='ltr'>recte</span> <span class='ocrx_word' id='word_1_122' title='bbox 1270 1866 1546 1926; x_wconf 89' lang='lat' dir='ltr'>definivit</span> <span class='ocrx_word' id='word_1_123' title='bbox 1573 1866 1872 1927; x_wconf 85' lang='lat' dir='ltr'>Euclides.</span> <span class='ocrx_word' id='word_1_124' title='bbox 1962 1868 2083 1927; x_wconf 87' lang='lat' dir='ltr'>Sed</span> <span class='ocrx_word' id='word_1_125' title='bbox 2110 1868 2278 1929; x_wconf 91' lang='lat' dir='ltr'>inve-</span> 
     </span>
     <span class='ocr_line' id='line_1_22' title="bbox 550 1960 2276 2042; baseline 0.003 -24"><span class='ocrx_word' id='word_1_126' title='bbox 550 1960 681 2019; x_wconf 88' lang='lat' dir='ltr'>nire</span> <span class='ocrx_word' id='word_1_127' title='bbox 713 1961 921 2020; x_wconf 86' lang='lat' dir='ltr'>debuit</span> <span class='ocrx_word' id='word_1_128' title='bbox 949 1961 1178 2040; x_wconf 91' lang='lat' dir='ltr'>aliquid</span> <span class='ocrx_word' id='word_1_129' title='bbox 1209 1961 1373 2040; x_wconf 91' lang='lat' dir='ltr'>quod</span> <span class='ocrx_word' id='word_1_130' title='bbox 1401 1961 1736 2021; x_wconf 89' lang='lat' dir='ltr'>rationibus</span> <span class='ocrx_word' id='word_1_131' title='bbox 1765 1962 1948 2021; x_wconf 89' lang='lat' dir='ltr'>etiam</span> <span class='ocrx_word' id='word_1_132' title='bbox 1978 1964 2276 2042; x_wconf 83' lang='lat' dir='ltr'>magnitu-</span> 
     </span>
     <span class='ocr_line' id='line_1_23' title="bbox 551 2054 2279 2118; baseline 0.003 -6"><span class='ocrx_word' id='word_1_133' title='bbox 551 2054 760 2114; x_wconf 90' lang='lat' dir='ltr'>dinum</span> <span class='ocrx_word' id='word_1_134' title='bbox 789 2056 1493 2116; x_wconf 88' lang='lat' dir='ltr'>incommensurabilium</span> <span class='ocrx_word' id='word_1_135' title='bbox 1516 2057 1885 2116; x_wconf 85' lang='lat' dir='ltr'>conveniret.</span> <span class='ocrx_word' id='word_1_136' title='bbox 1931 2057 2055 2116; x_wconf 87' lang='lat' dir='ltr'>Cur</span> <span class='ocrx_word' id='word_1_137' title='bbox 2072 2067 2279 2118; x_wconf 90' lang='lat' dir='ltr'>autem</span> 
     </span>
     <span class='ocr_line' id='line_1_24' title="bbox 549 2149 2278 2229; baseline 0.002 -22"><span class='ocrx_word' id='word_1_138' title='bbox 549 2168 674 2208; x_wconf 88' lang='lat' dir='ltr'>non</span> <span class='ocrx_word' id='word_1_139' title='bbox 721 2149 910 2210; x_wconf 75' lang='lat' dir='ltr'>fecit?</span> <span class='ocrx_word' id='word_1_140' title='bbox 1005 2151 1100 2209; x_wconf 88' lang='lat' dir='ltr'>An</span> <span class='ocrx_word' id='word_1_141' title='bbox 1159 2150 1528 2229; x_wconf 91' lang='lat' dir='ltr'>impossibile</span> <span class='ocrx_word' id='word_1_142' title='bbox 1582 2149 1757 2210; x_wconf 84' lang='lat' dir='ltr'>erat?</span> <span class='ocrx_word' id='word_1_143' title='bbox 1859 2151 2105 2224; x_wconf 75' lang='lat' dir='ltr'>Nescio,</span> <span class='ocrx_word' id='word_1_144' title='bbox 2159 2152 2278 2212; x_wconf 89' lang='lat' dir='ltr'>nisi</span> 
     </span>
     <span class='ocr_line' id='line_1_25' title="bbox 551 2244 2277 2323; baseline 0.002 -20"><span class='ocrx_word' id='word_1_145' title='bbox 551 2244 714 2322; x_wconf 91' lang='lat' dir='ltr'>quod</span> <span class='ocrx_word' id='word_1_146' title='bbox 757 2245 834 2304; x_wconf 87' lang='lat' dir='ltr'>sit</span> <span class='ocrx_word' id='word_1_147' title='bbox 872 2245 1132 2304; x_wconf 82' lang='lat' dir='ltr'>difficile.</span> <span class='ocrx_word' id='word_1_148' title='bbox 1220 2246 1374 2304; x_wconf 87' lang='lat' dir='ltr'>Duae</span> <span class='ocrx_word' id='word_1_149' title='bbox 1419 2245 1596 2304; x_wconf 80' lang='lat' dir='ltr'>lineae</span> <span class='ocrx_word' id='word_1_150' title='bbox 1632 2245 1811 2304; x_wconf 89' lang='lat' dir='ltr'>simul</span> <span class='ocrx_word' id='word_1_151' title='bbox 1856 2255 2040 2323; x_wconf 89' lang='lat' dir='ltr'>atque</span> <span class='ocrx_word' id='word_1_152' title='bbox 2076 2246 2277 2306; x_wconf 87' lang='lat' dir='ltr'>duetae</span> 
     </span>
     <span class='ocr_line' id='line_1_26' title="bbox 550 2338 2278 2418; baseline 0.002 -22"><span class='ocrx_word' id='word_1_153' title='bbox 550 2348 710 2409; x_wconf 84' lang='lat' dir='ltr'>sunt,</span> <span class='ocrx_word' id='word_1_154' title='bbox 740 2338 967 2398; x_wconf 89' lang='lat' dir='ltr'>habent</span> <span class='ocrx_word' id='word_1_155' title='bbox 997 2340 1158 2399; x_wconf 90' lang='lat' dir='ltr'>inter</span> <span class='ocrx_word' id='word_1_156' title='bbox 1188 2359 1251 2398; x_wconf 90' lang='lat' dir='ltr'>se</span> <span class='ocrx_word' id='word_1_157' title='bbox 1275 2340 1576 2398; x_wconf 89' lang='lat' dir='ltr'>rationem</span> <span class='ocrx_word' id='word_1_158' title='bbox 1602 2358 1792 2411; x_wconf 85' lang='lat' dir='ltr'>suam,</span> <span class='ocrx_word' id='word_1_159' title='bbox 1813 2359 2188 2418; x_wconf 77' lang='lat' dir='ltr'>quaecunque</span> <span class='ocrx_word' id='word_1_160' title='bbox 2205 2359 2278 2399; x_wconf 90' lang='lat' dir='ltr'>ea</span> 
     </span>
     <span class='ocr_line' id='line_1_27' title="bbox 548 2433 2273 2511; baseline 0.001 -20"><span class='ocrx_word' id='word_1_161' title='bbox 548 2433 645 2492; x_wconf 89' lang='lat' dir='ltr'>sit.</span> <span class='ocrx_word' id='word_1_162' title='bbox 714 2434 792 2492; x_wconf 92' lang='lat' dir='ltr'>Et</span> <span class='ocrx_word' id='word_1_163' title='bbox 823 2454 957 2511; x_wconf 88' lang='lat' dir='ltr'>quae</span> <span class='ocrx_word' id='word_1_164' title='bbox 989 2454 1170 2494; x_wconf 84' lang='lat' dir='ltr'>causa</span> <span class='ocrx_word' id='word_1_165' title='bbox 1201 2434 1466 2492; x_wconf 85' lang='lat' dir='ltr'>efficiens</span> <span class='ocrx_word' id='word_1_166' title='bbox 1497 2443 1626 2492; x_wconf 91' lang='lat' dir='ltr'>erat</span> <span class='ocrx_word' id='word_1_167' title='bbox 1659 2433 1927 2511; x_wconf 91' lang='lat' dir='ltr'>ipsarum</span> <span class='ocrx_word' id='word_1_168' title='bbox 1957 2433 2273 2506; x_wconf 87' lang='lat' dir='ltr'>linearum,</span> 
     </span>
     <span class='ocr_line' id='line_1_28' title="bbox 548 2527 2274 2606; baseline 0 -20"><span class='ocrx_word' id='word_1_169' title='bbox 548 2527 759 2586; x_wconf 89' lang='lat' dir='ltr'>eadem</span> <span class='ocrx_word' id='word_1_170' title='bbox 791 2537 924 2587; x_wconf 91' lang='lat' dir='ltr'>erat</span> <span class='ocrx_word' id='word_1_171' title='bbox 964 2537 1027 2587; x_wconf 92' lang='lat' dir='ltr'>et</span> <span class='ocrx_word' id='word_1_172' title='bbox 1056 2547 1238 2587; x_wconf 89' lang='lat' dir='ltr'>causa</span> <span class='ocrx_word' id='word_1_173' title='bbox 1266 2528 1395 2604; x_wconf 88' lang='lat' dir='ltr'>ejus</span> <span class='ocrx_word' id='word_1_174' title='bbox 1426 2547 1604 2606; x_wconf 89' lang='lat' dir='ltr'>quam</span> <span class='ocrx_word' id='word_1_175' title='bbox 1634 2527 1862 2587; x_wconf 90' lang='lat' dir='ltr'>habent</span> <span class='ocrx_word' id='word_1_176' title='bbox 1899 2528 2061 2586; x_wconf 89' lang='lat' dir='ltr'>inter</span> <span class='ocrx_word' id='word_1_177' title='bbox 2091 2547 2153 2586; x_wconf 92' lang='lat' dir='ltr'>se</span> <span class='ocrx_word' id='word_1_178' title='bbox 2184 2547 2274 2586; x_wconf 91' lang='lat' dir='ltr'>ra-</span> 
     </span>
     <span class='ocr_line' id='line_1_29' title="bbox 548 2621 2275 2701; baseline -0.001 -20"><span class='ocrx_word' id='word_1_179' title='bbox 548 2621 750 2681; x_wconf 89' lang='lat' dir='ltr'>tionis.</span> <span class='ocrx_word' id='word_1_180' title='bbox 797 2622 992 2681; x_wconf 89' lang='lat' dir='ltr'>Causa</span> <span class='ocrx_word' id='word_1_181' title='bbox 1009 2622 1278 2701; x_wconf 90' lang='lat' dir='ltr'>ipsarum</span> <span class='ocrx_word' id='word_1_182' title='bbox 1295 2622 1592 2681; x_wconf 90' lang='lat' dir='ltr'>linearum</span> <span class='ocrx_word' id='word_1_183' title='bbox 1611 2623 1873 2681; x_wconf 84' lang='lat' dir='ltr'>efficiens</span> <span class='ocrx_word' id='word_1_184' title='bbox 1897 2631 2028 2681; x_wconf 89' lang='lat' dir='ltr'>erat</span> <span class='ocrx_word' id='word_1_185' title='bbox 2047 2621 2275 2690; x_wconf 87' lang='lat' dir='ltr'>ductio,</span> 
     </span>
     <span class='ocr_line' id='line_1_30' title="bbox 547 2715 2274 2795; baseline 0 -20"><span class='ocrx_word' id='word_1_186' title='bbox 547 2716 613 2776; x_wconf 91' lang='lat' dir='ltr'>id</span> <span class='ocrx_word' id='word_1_187' title='bbox 642 2725 751 2789; x_wconf 84' lang='lat' dir='ltr'>est,</span> <span class='ocrx_word' id='word_1_188' title='bbox 782 2726 1019 2775; x_wconf 89' lang='lat' dir='ltr'>motus:</span> <span class='ocrx_word' id='word_1_189' title='bbox 1070 2735 1255 2795; x_wconf 91' lang='lat' dir='ltr'>quare</span> <span class='ocrx_word' id='word_1_190' title='bbox 1299 2717 1481 2775; x_wconf 89' lang='lat' dir='ltr'>etiam</span> <span class='ocrx_word' id='word_1_191' title='bbox 1512 2736 1695 2776; x_wconf 88' lang='lat' dir='ltr'>causa</span> <span class='ocrx_word' id='word_1_192' title='bbox 1729 2717 1993 2776; x_wconf 85' lang='lat' dir='ltr'>efficiens</span> <span class='ocrx_word' id='word_1_193' title='bbox 2022 2715 2274 2776; x_wconf 87' lang='lat' dir='ltr'>rationis</span> 
     </span>
     <span class='ocr_line' id='line_1_31' title="bbox 549 2810 2274 2889; baseline 0.001 -20"><span class='ocrx_word' id='word_1_194' title='bbox 549 2830 730 2889; x_wconf 88' lang='lat' dir='ltr'>quam</span> <span class='ocrx_word' id='word_1_195' title='bbox 770 2810 955 2869; x_wconf 86' lang='lat' dir='ltr'>habet</span> <span class='ocrx_word' id='word_1_196' title='bbox 996 2830 1204 2869; x_wconf 90' lang='lat' dir='ltr'>earum</span> <span class='ocrx_word' id='word_1_197' title='bbox 1245 2810 1437 2869; x_wconf 87' lang='lat' dir='ltr'>altera</span> <span class='ocrx_word' id='word_1_198' title='bbox 1466 2810 1545 2868; x_wconf 91' lang='lat' dir='ltr'>ad</span> <span class='ocrx_word' id='word_1_199' title='bbox 1588 2810 1863 2883; x_wconf 81' lang='lat' dir='ltr'>alteram,</span> <span class='ocrx_word' id='word_1_200' title='bbox 1897 2820 2029 2870; x_wconf 90' lang='lat' dir='ltr'>erat</span> <span class='ocrx_word' id='word_1_201' title='bbox 2074 2819 2274 2870; x_wconf 89' lang='lat' dir='ltr'>motus</span> 
     </span>
     <span class='ocr_line' id='line_1_32' title="bbox 547 2904 2269 2982; baseline -0.001 -18"><span class='ocrx_word' id='word_1_202' title='bbox 547 2905 648 2964; x_wconf 90' lang='lat' dir='ltr'>ille</span> <span class='ocrx_word' id='word_1_203' title='bbox 678 2904 858 2976; x_wconf 84' lang='lat' dir='ltr'>idem,</span> <span class='ocrx_word' id='word_1_204' title='bbox 880 2924 954 2963; x_wconf 89' lang='lat' dir='ltr'>ex</span> <span class='ocrx_word' id='word_1_205' title='bbox 974 2924 1094 2981; x_wconf 92' lang='lat' dir='ltr'>quo</span> <span class='ocrx_word' id='word_1_206' title='bbox 1119 2913 1290 2963; x_wconf 89' lang='lat' dir='ltr'>motu</span> <span class='ocrx_word' id='word_1_207' title='bbox 1313 2905 1488 2963; x_wconf 81' lang='lat' dir='ltr'>lineae</span> <span class='ocrx_word' id='word_1_208' title='bbox 1518 2904 1663 2982; x_wconf 84' lang='lat' dir='ltr'>ipsae</span> <span class='ocrx_word' id='word_1_209' title='bbox 1687 2915 1840 2964; x_wconf 84' lang='lat' dir='ltr'>ortae</span> <span class='ocrx_word' id='word_1_210' title='bbox 1864 2914 2026 2965; x_wconf 87' lang='lat' dir='ltr'>sunt.</span> <span class='ocrx_word' id='word_1_211' title='bbox 2070 2905 2269 2964; x_wconf 90' lang='lat' dir='ltr'>Etiam</span> 
     </span>
     <span class='ocr_line' id='line_1_33' title="bbox 546 2991 2272 3078; baseline 0 -20"><span class='ocrx_word' id='word_1_212' title='bbox 546 2999 703 3059; x_wconf 88' lang='lat' dir='ltr'>ratio</span> <span class='ocrx_word' id='word_1_213' title='bbox 733 2999 836 3057; x_wconf 92' lang='lat' dir='ltr'>illa</span> <span class='ocrx_word' id='word_1_214' title='bbox 874 2991 1085 3057; x_wconf 89' lang='lat' dir='ltr'>eadem</span> <span class='ocrx_word' id='word_1_215' title='bbox 1128 3007 1259 3058; x_wconf 91' lang='lat' dir='ltr'>erat</span> <span class='ocrx_word' id='word_1_216' title='bbox 1302 2998 1365 3057; x_wconf 92' lang='lat' dir='ltr'>in</span> <span class='ocrx_word' id='word_1_217' title='bbox 1395 2999 1659 3058; x_wconf 91' lang='lat' dir='ltr'>motibus</span> <span class='ocrx_word' id='word_1_218' title='bbox 1697 2999 1861 3077; x_wconf 83' lang='lat' dir='ltr'>ipsis,</span> <span class='ocrx_word' id='word_1_219' title='bbox 1895 2999 2113 3078; x_wconf 90' lang='lat' dir='ltr'>quibus</span> <span class='ocrx_word' id='word_1_220' title='bbox 2151 2999 2272 3058; x_wconf 86' lang='lat' dir='ltr'>illae</span> 
     </span>
     <span class='ocr_line' id='line_1_34' title="bbox 543 3092 2270 3171; baseline -0.001 -18"><span class='ocrx_word' id='word_1_221' title='bbox 543 3094 720 3153; x_wconf 79' lang='lat' dir='ltr'>lineae</span> <span class='ocrx_word' id='word_1_222' title='bbox 749 3101 925 3151; x_wconf 88' lang='lat' dir='ltr'>erant</span> <span class='ocrx_word' id='word_1_223' title='bbox 948 3092 1284 3170; x_wconf 74' lang='lat' dir='ltr'>descriptae.</span> <span class='ocrx_word' id='word_1_224' title='bbox 1346 3092 1694 3152; x_wconf 73' lang='lat' dir='ltr'>Quaerenda</span> <span class='ocrx_word' id='word_1_225' title='bbox 1717 3112 1862 3171; x_wconf 83' lang='lat' dir='ltr'>ergo</span> <span class='ocrx_word' id='word_1_226' title='bbox 1894 3101 1983 3151; x_wconf 92' lang='lat' dir='ltr'>est</span> <span class='ocrx_word' id='word_1_227' title='bbox 2013 3092 2270 3152; x_wconf 89' lang='lat' dir='ltr'>rationis</span> 
     </span>
     <span class='ocr_line' id='line_1_35' title="bbox 546 3186 2272 3265; baseline -0.001 -18"><span class='ocrx_word' id='word_1_228' title='bbox 546 3188 804 3247; x_wconf 88' lang='lat' dir='ltr'>duarum</span> <span class='ocrx_word' id='word_1_229' title='bbox 830 3186 1128 3246; x_wconf 89' lang='lat' dir='ltr'>linearum</span> <span class='ocrx_word' id='word_1_230' title='bbox 1152 3186 1541 3265; x_wconf 81' lang='lat' dir='ltr'>inaequalium</span> <span class='ocrx_word' id='word_1_231' title='bbox 1572 3187 1888 3258; x_wconf 74' lang='lat' dir='ltr'>identitaS,</span> <span class='ocrx_word' id='word_1_232' title='bbox 1919 3186 2045 3246; x_wconf 88' lang='lat' dir='ltr'>sive</span> <span class='ocrx_word' id='word_1_233' title='bbox 2076 3207 2272 3265; x_wconf 64' lang='lat' dir='ltr'>aequa-</span> 
     </span>
     <span class='ocr_line' id='line_1_36' title="bbox 547 3279 2268 3357; baseline -0.001 -16"><span class='ocrx_word' id='word_1_234' title='bbox 547 3282 717 3354; x_wconf 74' lang='lat' dir='ltr'>litas,</span> <span class='ocrx_word' id='word_1_235' title='bbox 738 3280 861 3340; x_wconf 89' lang='lat' dir='ltr'>sive</span> <span class='ocrx_word' id='word_1_236' title='bbox 883 3279 1223 3338; x_wconf 73' lang='lat' dir='ltr'>similitudo</span> <span class='ocrx_word' id='word_1_237' title='bbox 1254 3279 1415 3357; x_wconf 89' lang='lat' dir='ltr'>(quae</span> <span class='ocrx_word' id='word_1_238' title='bbox 1433 3280 1552 3339; x_wconf 88' lang='lat' dir='ltr'>tria</span> <span class='ocrx_word' id='word_1_239' title='bbox 1574 3281 1821 3340; x_wconf 90' lang='lat' dir='ltr'>nomina</span> <span class='ocrx_word' id='word_1_240' title='bbox 1843 3281 1905 3340; x_wconf 92' lang='lat' dir='ltr'>in</span> <span class='ocrx_word' id='word_1_241' title='bbox 1930 3280 2268 3348; x_wconf 84' lang='lat' dir='ltr'>rationibus</span> 
     </span>
     <span class='ocr_line' id='line_1_37' title="bbox 543 3373 2268 3453; baseline -0.002 -17"><span class='ocrx_word' id='word_1_242' title='bbox 543 3376 706 3436; x_wconf 90' lang='lat' dir='ltr'>idem</span> <span class='ocrx_word' id='word_1_243' title='bbox 737 3374 1101 3453; x_wconf 83' lang='lat' dir='ltr'>significant)</span> <span class='ocrx_word' id='word_1_244' title='bbox 1129 3374 1191 3432; x_wconf 92' lang='lat' dir='ltr'>in</span> <span class='ocrx_word' id='word_1_245' title='bbox 1223 3383 1498 3433; x_wconf 85' lang='lat' dir='ltr'>motuum</span> <span class='ocrx_word' id='word_1_246' title='bbox 1527 3374 1914 3453; x_wconf 80' lang='lat' dir='ltr'>inaequalium</span> <span class='ocrx_word' id='word_1_247' title='bbox 1949 3373 2147 3452; x_wconf 83' lang='lat' dir='ltr'>aliqua</span> <span class='ocrx_word' id='word_1_248' title='bbox 2189 3373 2268 3432; x_wconf 88' lang='lat' dir='ltr'>si-</span> 
     </span>
     <span class='ocr_line' id='line_1_38' title="bbox 544 3467 2268 3547; baseline -0.002 -17"><span class='ocrx_word' id='word_1_249' title='bbox 544 3469 903 3542; x_wconf 86' lang='lat' dir='ltr'>militudine,</span> <span class='ocrx_word' id='word_1_250' title='bbox 928 3467 991 3527; x_wconf 92' lang='lat' dir='ltr'>id</span> <span class='ocrx_word' id='word_1_251' title='bbox 1022 3477 1132 3540; x_wconf 86' lang='lat' dir='ltr'>est,</span> <span class='ocrx_word' id='word_1_252' title='bbox 1164 3468 1227 3527; x_wconf 91' lang='lat' dir='ltr'>in</span> <span class='ocrx_word' id='word_1_253' title='bbox 1258 3469 1651 3546; x_wconf 90' lang='lat' dir='ltr'>responsione</span> <span class='ocrx_word' id='word_1_254' title='bbox 1693 3469 1883 3547; x_wconf 89' lang='lat' dir='ltr'>partis</span> <span class='ocrx_word' id='word_1_255' title='bbox 1918 3467 1997 3527; x_wconf 86' lang='lat' dir='ltr'>ad</span> <span class='ocrx_word' id='word_1_256' title='bbox 2029 3475 2268 3547; x_wconf 88' lang='lat' dir='ltr'>partem</span> 
     </span>
     <span class='ocr_line' id='line_1_39' title="bbox 541 3562 2264 3645; baseline -0.001 -22"><span class='ocrx_word' id='word_1_257' title='bbox 541 3567 637 3626; x_wconf 86' lang='lat' dir='ltr'>vel</span> <span class='ocrx_word' id='word_1_258' title='bbox 665 3564 965 3645; x_wconf 90' lang='lat' dir='ltr'>portionis</span> <span class='ocrx_word' id='word_1_259' title='bbox 996 3563 1071 3623; x_wconf 89' lang='lat' dir='ltr'>ad</span> <span class='ocrx_word' id='word_1_260' title='bbox 1103 3563 1476 3642; x_wconf 86' lang='lat' dir='ltr'>portionem:</span> <span class='ocrx_word' id='word_1_261' title='bbox 1508 3564 1632 3624; x_wconf 90' lang='lat' dir='ltr'>sive</span> <span class='ocrx_word' id='word_1_262' title='bbox 1661 3563 1781 3624; x_wconf 85' lang='lat' dir='ltr'>illae</span> <span class='ocrx_word' id='word_1_263' title='bbox 1810 3571 2016 3642; x_wconf 88' lang='lat' dir='ltr'>partes</span> <span class='ocrx_word' id='word_1_264' title='bbox 2039 3562 2264 3641; x_wconf 86' lang='lat' dir='ltr'>aliquo-</span> 
     </span>
    </p>
   </div>
  </div>
 </body>
</html>
