2462 4120
630 374 1100 419 PROBLEMATA
1132 378 1454 421 PHYsmA.
1788 372 1906 425 335

254 516 332 578 A.
378 517 492 577 Per
538 515 830 575 elastrum
886 515 1162 594 intelligo
1209 516 1479 594 partium
1529 518 1909 580 interna-rum

173 620 462 672 conatum
490 608 856 670 restituendi
885 628 949 669 se
979 609 1059 668 ad
1089 609 1294 681 situm,
1325 630 1363 669 a
1392 630 1514 688 quo
1544 632 1654 690 per
1682 615 1909 675 tensio-

171 726 313 766 nem
341 705 620 766 abductae
649 702 914 764 fuerant.

254 801 336 859 B.
383 799 653 860 Conatus
701 797 851 877 quid
897 797 978 858 sit
1026 817 1153 858 non
1205 797 1342 878 plus
1387 798 1683 879 intelligo,
1730 822 1912 881 quam

171 893 318 974 quid
347 893 426 953 sit
448 892 759 953 elastrum.

256 987 338 1048 A.
384 987 500 1049 Per
540 996 834 1047 conatum
872 986 1149 1066 intelligo
1189 986 1563 1067 principium
1606 996 1808 1049 motus
1848 990 1913 1049 in

169 1083 397 1144 lamina
424 1083 690 1144 tensioni
720 1083 1114 1143 contrarium.

252 1179 335 1239 B.
383 1178 507 1238 Sed
553 1178 923 1257 principium
968 1186 1172 1237 motus
1220 1177 1610 1256 quantumvis
1659 1177 1914 1238 insensi-

169 1273 311 1347 bile,
343 1282 552 1333 tamen
581 1282 784 1333 motus
815 1282 922 1332 est.
1012 1271 1145 1332 Scis
1175 1281 1382 1331 autem
1405 1271 1558 1331 nihil
1587 1291 1719 1331 esse
1750 1274 1916 1352 quod

171 1367 542 1447 principium
573 1377 775 1428 motus
794 1367 910 1427 sibi
940 1367 1054 1446 ipsi
1085 1367 1232 1426 dare
1255 1375 1479 1446 potest.
1568 1367 1735 1428 Quid
1766 1388 1913 1447 ergo

170 1461 415 1522 laminae
444 1471 635 1522 tensae
658 1472 722 1522 et
751 1462 1093 1540 quiescenti
1115 1472 1405 1522 conatum
1428 1461 1598 1523 dedit
1626 1463 1707 1523 ad
1729 1463 1916 1523 situm

171 1556 440 1636 priorem
467 1556 856 1617 revertendi?

255 1649 334 1712 A.
379 1651 489 1712 Ille
519 1651 691 1712 dedit
720 1651 826 1732 qui
853 1653 1047 1731 ipsam
1077 1652 1358 1712 tetendit.

255 1746 338 1805 B.
388 1746 550 1806 Fieri
590 1767 716 1806 non
750 1755 976 1826 potest.
1065 1747 1176 1806 Ille
1220 1748 1385 1808 enim
1425 1756 1715 1808 conatum
1743 1769 1919 1829 pror-

174 1859 308 1899 sum
339 1839 543 1900 dedit:
590 1841 698 1901 sed
727 1851 984 1902 conatus
1015 1841 1117 1901 hic
1154 1851 1250 1901 est
1279 1850 1637 1902 retrorsum.

255 1933 335 1994 A.
383 1935 776 1995 Concedatur
814 1944 1105 1995 conatum
1136 1955 1267 1996 esse
1298 1945 1553 2010 motum,
1590 1947 1653 1996 et
1681 1946 1919 1998 motum

171 2028 344 2088 illum
372 2049 502 2089 esse
530 2030 595 2090 in
624 2030 900 2109 partibus
929 2030 1187 2090 internis
1226 2031 1470 2091 laminae
1514 2052 1754 2111 semper
1793 2033 1918 2093 sive

169 2131 361 2183 tensae
390 2123 517 2184 sive
546 2144 672 2185 non
701 2134 930 2185 tensae:
979 2145 1100 2204 quo
1129 2133 1312 2204 pacto
1342 2126 1485 2186 inde
1515 2125 1723 2199 infers,
1751 2129 1918 2207 quod

167 2220 578 2279 necessarium
603 2221 702 2294 sit,
727 2220 1094 2299 simulatque
1120 2240 1158 2279 a
1180 2220 1242 2280 vi
1272 2221 1570 2281 tensionis
1598 2222 1915 2297 liberatur,

167 2322 238 2374 ut
267 2334 340 2374 ea
360 2315 440 2374 ad
470 2315 654 2376 situm
684 2315 1013 2395 pristinum
1042 2315 1446 2376 restituatur?

255 2409 338 2469 B.
385 2411 525 2470 Hoc
582 2420 784 2490 pacto,
891 2410 1047 2470 Cum
1097 2410 1178 2470 sit
1226 2411 1291 2469 in
1341 2411 1619 2490 partibus
1670 2410 1915 2471 laminae

169 2513 374 2564 motus
421 2506 660 2584 qualem
710 2505 857 2579 dixi,
900 2505 1222 2565 invisibilis
1259 2505 1506 2585 quidem
1553 2505 1662 2565 sed
1707 2515 1916 2565 tamen

169 2599 600 2674 velocissimuS,
631 2601 817 2661 etiam
846 2610 989 2661 ante
1019 2601 1384 2672 tensionem,
1415 2612 1620 2660 motus
1660 2601 1762 2660 ille
1810 2601 1915 2679 qui

172 2702 313 2752 ante
330 2694 672 2754 tensionem
690 2696 876 2755 fiebat
899 2695 1235 2755 secundum
1254 2696 1706 2774 longitudinem
1731 2715 1914 2774 quam

171 2786 387 2847 habuit
431 2789 508 2848 ab
560 2789 784 2850 ictibus
826 2790 1186 2850 malleorum
1226 2790 1482 2870 chalybe
1522 2790 1723 2850 adhuc
1770 2810 1914 2849 can-

174 2880 376 2954 dente,
415 2890 654 2942 tensam
703 2903 868 2943 nunc
914 2884 993 2943 ad
1051 2883 1315 2944 eundem
1372 2886 1559 2944 situm
1617 2885 1912 2944 continuo

170 2985 373 3053 urget.
446 2975 660 3055 Itaque
692 2977 897 3037 ablato
927 2978 1389 3058 impedimento,
1422 2979 1502 3039 ad
1532 2980 1716 3039 situm
1746 2980 1911 3058 prio-

171 3089 303 3128 rem
331 3069 619 3128 laminam
648 3071 947 3131 restituet.

258 3163 338 3223 A.
388 3163 510 3223 Sed
560 3173 886 3244 antequam
941 3177 1327 3228 removeatur
1382 3168 1906 3247 impedimentum,

173 3267 427 3317 conatus
473 3257 574 3316 ille
622 3259 935 3319 nullumne
982 3263 1270 3322 effectum
1312 3262 1614 3341 producet
1638 3261 1658 3320 ?
1746 3262 1908 3320 Nam

173 3360 428 3411 conatus
475 3351 576 3411 ille
617 3362 817 3413 motus
858 3362 988 3425 est3
1034 3367 1097 3416 et
1142 3366 1344 3417 motus
1385 3358 1582 3417 omnis
1623 3357 1906 3415 effectum

173 3446 436 3523 aliquem
465 3446 691 3506 habere
721 3448 919 3508 debet.

260 3539 340 3599 B.
371 3540 590 3613 Etiam,
604 3542 887 3601 effectum
905 3543 1167 3622 aliquem
1184 3546 1464 3614 habebit;
1485 3565 1703 3623 nempe
1721 3544 1905 3611 hunc,

172 3643 242 3695 ut
269 3643 543 3714 tempore
572 3636 699 3710 fiat,
730 3636 915 3715 longo
947 3638 1195 3717 inquam
1224 3650 1519 3719 tempore,
1551 3647 1622 3698 ut
1651 3645 1905 3698 conatus

2008 547 2122 579 CAP·
2139 546 2188 579 V·

1976 602 2216 625 ς-Ὓῄκ

2020 654 2077 688 De
2095 654 2188 688 duro

2019 713 2055 743 et
2072 707 2183 745 molli.
