2462 4120
563 362 1083 407 MATHEMA'ricAE
1119 363 1521 406 HomERNAE.
1828 352 1902 405 35

173 523 320 582 ergo
376 501 440 562 id
499 502 662 581 quod
718 510 904 575 recte,
975 521 1116 560 cum
1172 502 1373 579 vulgo,
1443 512 1585 562 ante
1644 503 1901 578 dixerat,
1960 522 2210 555 mALocns

173 597 410 658 numeri
437 597 805 677 principium
842 616 972 656 esse
1000 596 1321 668 unitatem,
1367 616 1530 656 nunc
1574 608 1774 659 mutat
1797 599 1905 658 ἓ-

175 693 313 753 Sed
362 700 424 752 et
475 692 619 773 ipsa
674 692 880 752 unitas
936 711 1053 751 non
1105 690 1472 750 incommode
1527 714 1905 754 numerorum

171 786 467 868 catalogo
497 788 811 847 accenseri
828 786 1471 868 possim—Quomodo
1514 807 1639 846 non
1674 789 1904 849 incom-

170 881 370 956 mode,
402 883 520 943 nisi
556 891 617 943 et
646 882 833 943 vere?
909 882 1031 942 Sed
1075 901 1263 961 quare
1306 901 1431 940 non
1475 881 1902 943 incommode?

173 976 354 1049 Quia,
385 998 669 1038 numerus
697 978 773 1037 de
801 976 961 1037 omni
999 975 1105 1036 illo
1145 975 1378 1036 dicitur
1421 995 1540 1055 quo
1586 978 1909 1056 quoestioni

170 1081 327 1150 quot
357 1084 501 1132 sunt
531 1072 898 1151 affirmative
926 1070 1338 1152 respondetur
1356 1093 1378 1131 .·
1423 1078 1485 1130 et
1515 1071 1677 1150 quia,
1708 1072 1906 1131 arith-

170 1165 395 1226 metica
417 1167 624 1227 eodem
646 1167 818 1227 modo
848 1175 912 1227 et
935 1166 1230 1226 unitatem
1259 1173 1319 1225 et
1349 1173 1609 1225 coeteros
1631 1187 1907 1225 numeros

172 1267 434 1321 tractat.
569 1262 770 1322 Multa
817 1263 1005 1322 habet
1054 1261 1436 1321 theoremata
1493 1260 1782 1320 Euclides
1835 1262 1909 1322 de

171 1356 441 1415 numeris
465 1365 604 1435 post
633 1356 933 1416 unitatem
963 1364 1133 1416 certa
1161 1356 1399 1415 ratione
1417 1355 1908 1434 procedentibuS‚

174 1449 250 1510 de
278 1450 512 1511 unitate
541 1451 795 1511 nullum.
871 1451 1089 1531 Neque
1125 1451 1373 1530 quidem
1401 1451 1669 1510 numeris
1698 1451 1910 1530 primis

170 1554 457 1606 accenset
477 1545 976 1606 unitatem—Et
1007 1545 1244 1624 quidem
1267 1545 1443 1625 apud
1461 1546 1910 1627 grammaticos

177 1658 462 1698 numerus
473 1639 819 1720 singularis
837 1640 972 1699 sine
981 1639 1324 1699 soloecismo
1336 1640 1911 1702 elicitum—Quam-

173 1753 359 1812 quam
386 1734 452 1793 in
479 1734 596 1794 hac
627 1734 963 1813 quaestione
997 1735 1539 1814 grammaticorum
1569 1735 1910 1796 authoritas

172 1849 297 1888 non
325 1828 586 1889 multum
613 1830 815 1890 valere
846 1829 1085 1903 debeat,
1116 1851 1241 1890 non
1283 1839 1490 1890 tamen
1530 1831 1669 1891 ideo
1700 1831 1913 1891 dicunt

171 1943 491 1984 numerum
521 1925 912 2004 singularem,
953 1925 1117 2004 quod
1155 1925 1412 1987 credant
1449 1926 1751 1987 unitatem
1781 1946 1912 1986 esse

171 2037 510 2089 numerum,
550 2019 659 2079 sed
703 2020 868 2099 quod
912 2020 976 2079 in
1020 2041 1275 2081 numero
1320 2021 1568 2100 quidem
1617 2021 1912 2101 singulari

171 2111 496 2173 flexionem
551 2124 787 2194 ponant
843 2115 1108 2175 nominis
1181 2116 1348 2195 quod
1418 2116 1723 2196 significat
1780 2137 1911 2176 rem

171 2226 375 2282 unam,
418 2207 484 2268 in
533 2209 755 2288 plurali
801 2219 1026 2284 autem,
1070 2211 1334 2271 nominis
1384 2211 1551 2290 quod
1603 2211 1910 2290 significat

171 2321 267 2362 res
293 2301 516 2382 plures,

254 2396 334 2457 B.
366 2411 580 2476 ἀκριβῶς.
612 2400 902 2479 Sequitur
914 2400 1907 2480 Caputiii.‚DeDemonstratz‘one.

256 2493 337 2554 A.
380 2494 845 2554 Damon-stratio
869 2504 964 2555 est
981 2495 1404 2577 syllogismus,
1427 2496 1529 2575 qui
1551 2496 1909 2574 affectiones

163 2589 469 2668 proprias
501 2589 577 2650 de
605 2589 878 2668 subjecto
896 2612 1024 2671 per
1040 2591 1355 2672 proprias
1402 2611 1631 2651 causas
1667 2592 1908 2652 demon-

172 2683 821 2762 strat.-Intelligisne
850 2704 961 2763 per
992 2685 1412 2745 definitionem
1450 2686 1609 2745 hanc
1654 2686 1800 2764 quid
1830 2685 1909 2745 sit

173 2775 611 2838 demonstratio
640 2777 660 2837 Ρ

261 2869 340 2933 B.
387 2872 663 2945 Quidni?

259 2961 335 3025 A.
379 2966 690 3029 Intellexti
712 2989 860 3048 ergo
885 2969 1033 3049 quid
1050 2971 1352 3049 significat
1370 2991 1489 3031 vox
1512 2971 1908 3031 demonstrat.

180 3056 359 3119 Unde
385 3071 609 3138 autem,
634 3064 685 3123 si
713 3064 1027 3125 nesciebas
1058 3066 1206 3144 quid
1235 3075 1393 3126 esset
1424 3066 1905 3126 demonstratio?

261 3152 343 3212 B.
386 3154 578 3218 Recte
609 3158 781 3219 dicis,
867 3159 1029 3220 Nam
1073 3160 1339 3221 sciebam
1373 3171 1538 3233 ante,
1579 3181 1655 3221 ex
1694 3160 1908 3220 defini-

178 3245 347 3306 tione
395 3248 803 3328 Aristotelica,
840 3275 1038 3334 quam·
1069 3265 1132 3315 et
1175 3255 1304 3335 ipse
1342 3256 1645 3335 apposuit,
1689 3274 1907 3333 nempe

178 3336 377 3398 hanc:
421 3352 641 3410 ἆποὸείξις
676 3357 745 3404 ἐςὶ
782 3358 1094 3423 συλλογισμὸς
1144 3360 1457 3424 ἐπιςημονικός
1503 3360 1548 3415 ἐξ
1580 3361 1780 3417 ἀληθῶν,
1831 3360 1905 3405 καὶ

178 3444 379 3506 πρώτων,
410 3446 483 3492 καὶ
519 3447 726 3508 ἀμέσων,
757 3451 831 3500 καὶ
864 3453 1216 3515 γνωριμοτέρων,
1258 3454 1332 3499 καὶ
1370 3455 1609 3516 προτέρων,
1642 3454 1714 3499 καὶ
1746 3449 1905 3498 αἰτίων

177 3547 255 3589 τοῦ
279 3545 683 3608 σιηυτττροίσμοιτοςΞ
715 3557 897 3617 quam
925 3539 1026 3599 ille
1056 3540 1324 3601 reddidit
1351 3542 1710 3600 breviorem.

261 3623 342 3685 A.
387 3625 485 3686 An
523 3626 936 3693 definitionem
980 3634 1240 3694 hominis
1271 3635 1723 3696 Aristotelicam
1768 3634 1903 3691 bre-

1643 3746 1686 3787 D
1716 3748 1739 3783 2

2073 591 2105 622 1.
