2462 4120
619 306 1141 350 MATHEMATICAE
1177 307 1586 349 HODIERNAE.
1858 295 1968 348 199

241 456 304 515 in
332 459 559 532 puncto
591 469 650 509 α.
737 448 947 507 Motus
977 447 1140 506 enim
1192 447 1388 505 centri
1433 467 1558 506 non
1587 447 1782 506 variat
1831 447 1970 506 alti-

242 548 483 608 tudines
503 542 899 603 circulatione
929 541 1280 619 acquisitas,
1314 561 1450 618 quae
1473 560 1711 619 semper
1735 551 1878 601 sunt
1906 542 1972 600 in

241 640 632 703 altitudinum
660 637 986 717 parallelis,
1074 635 1313 695 Deinde
1364 635 1538 694 radio
1592 644 1627 695 2
1648 651 1684 712 β
1714 636 1975 696 ducatur

241 756 416 797 arcus
445 734 677 807 circuli,
723 753 934 793 secans
973 731 1326 810 parallelam
1363 729 1717 789 altitudines
1762 751 1976 790 secun-

242 831 382 891 dam
411 829 474 888 in
500 828 554 888 b.
646 827 911 889 Quando
942 846 1088 904 ergo
1117 834 1417 904 punctum
1447 825 1497 883 Β
1549 833 1804 903 propter
1843 845 1975 884 mo-

240 935 375 986 tum
406 924 766 983 circularem
796 922 1052 982 deberet
1083 939 1214 979 esse
1244 919 1308 978 in
1340 939 1450 978 suo
1481 938 1629 977 arcu
1658 918 1738 978 ad
1768 926 1825 991 2,
1858 920 1974 979 erit

240 1027 494 1099 propter
521 1027 760 1078 motum
798 1025 1036 1076 rectum
1082 1014 1280 1074 centri
1324 1013 1389 1072 in
1433 1012 1648 1072 eadem
1691 1013 1980 1090 parallela

244 1112 607 1186 altitudinis,
648 1112 725 1172 ab
768 1111 802 1170 b
822 1134 846 1180 ,·
892 1111 1132 1189 eritque
1174 1128 1352 1168 arcus
1382 1136 1414 1165 a
1438 1128 1479 1167 a
1522 1107 1772 1185 aequalis
1811 1108 1981 1166 arcui

246 1208 294 1268 B
313 1216 364 1282 1,
405 1217 467 1267 et
497 1226 675 1266 arcus
704 1214 740 1276 β
765 1205 801 1264 b
831 1205 1081 1283 aequalis
1111 1204 1280 1263 arcui
1309 1204 1360 1263 B
1379 1211 1439 1264 2.
1526 1203 1685 1262 Item
1727 1202 1778 1261 si
1806 1201 1979 1260 radio

246 1311 335 1383 37
367 1301 745 1361 describatur
774 1320 950 1360 arcus
972 1320 1072 1380 γε,
1104 1318 1316 1358 secans
1346 1297 1593 1358 tertiam
1643 1296 1982 1356 altitudinis

244 1396 595 1475 parallelam
646 1395 711 1455 in
766 1416 818 1468 e,
871 1395 988 1454 erit
1032 1413 1209 1452 arcus
1257 1414 1339 1473 γε
1382 1392 1569 1471 tripla
1625 1411 1803 1451 arcus
1855 1392 1905 1450 B
1929 1399 1978 1451 l.

244 1492 475 1551 Eadem
549 1489 840 1549 methodo
922 1488 1383 1548 constituuntur
1460 1487 1697 1566 reliqua
1753 1496 1986 1565 puncta

245 1586 306 1659 d,
326 1607 376 1658 e,
376 1584 448 1664 j}
463 1606 532 1666 g,
557 1585 616 1658 h,
644 1585 685 1657 i,
707 1585 763 1657 la,
789 1583 817 1643 l
835 1607 858 1651 ‚·
902 1604 1011 1662 per
1042 1604 1179 1662 quae
1223 1592 1454 1662 puncta
1503 1582 1751 1662 cylclois
1802 1581 1985 1641 debet

245 1680 524 1739 transire.
617 1680 772 1740 Quae
792 1689 884 1738 est
915 1678 1246 1757 descriptio
1279 1677 1590 1758 cycloidiS.

329 1773 789 1833 Consectarium
846 1772 1131 1851 primum.
1238 1772 1638 1832 Manifestum
1682 1770 1826 1830 hinc
1874 1779 1986 1844 est,

245 1886 421 1927 arcus
479 1887 689 1927 omnes
719 1887 822 1940 αα,
868 1866 969 1944 fib,
1018 1888 1117 1947 γε,
1161 1887 1354 1946 usque
1413 1867 1493 1926 ad
1543 1886 1755 1926 arcum
1814 1866 1986 1926 semi-

245 1961 457 2021 circuli
489 1962 624 2036 GF,
657 1982 787 2022 esse
818 1962 883 2022 in
913 1963 1152 2022 ratione
1183 1963 1479 2022 continua
1509 1961 1916 2022 arithmetica.

330 2056 791 2117 Consectarium
838 2057 1196 2117 secundum.
1307 2056 1705 2116 Manifestum
1748 2075 1989 2137 quoque

247 2160 356 2224 est,
389 2152 439 2211 si
467 2151 672 2230 plures
711 2152 933 2210 fierent
974 2151 1320 2225 divisiones,
1363 2151 1809 2211 accuratiorem
1858 2150 1989 2210 fore

247 2246 605 2325 cycloidem,
664 2247 904 2307 ratione
961 2247 1349 2307 arithmetica
1404 2266 1646 2325 semper
1708 2253 1987 2305 servata:

249 2350 312 2400 et
357 2340 638 2420 denique,
688 2341 739 2400 si
781 2361 958 2401 arcus
1007 2340 1377 2401 ducerentur
1427 2341 1643 2401 eadem
1699 2339 1990 2400 methodo

250 2443 346 2494 tot
396 2447 547 2514 quot
597 2435 739 2495 duci
787 2436 1076 2514 possibile
1127 2447 1238 2510 est,
1311 2436 1672 2515 impleretur
1723 2435 1991 2515 spatium

249 2529 498 2608 planum
523 2531 1028 2609 comprehensum
1052 2530 1287 2590 duabus
1311 2531 1489 2590 lineis
1519 2530 1739 2603 curvis,
1771 2550 1991 2609 nempe

252 2643 399 2683 arcu
457 2625 822 2685 semicirculi
869 2626 998 2699 GF,
1050 2638 1113 2685 et
1163 2625 1329 2685 linea
1376 2625 1651 2705 cycloide
1699 2625 1887 2699 FdB,
1929 2635 1992 2683 et

255 2717 514 2797 denique
551 2729 723 2779 recta
762 2720 906 2780 BG.

855 2896 1272 2939 PROPOSITIO
1308 2898 1384 2939 ΙΙ.

342 3000 618 3078 Spatium
648 3002 958 3063 trilineum
991 3004 1295 3064 inclusum
1335 3003 1610 3084 cycloide
1649 3013 1710 3064 et
1758 3003 1992 3062 duabus

259 3094 441 3153 rectis
473 3094 605 3166 BG,
636 3096 763 3170 GF,
795 3098 1025 3176 aequale
1055 3107 1147 3158 est
1188 3098 1571 3158 semicirculo
1602 3098 1867 3158 ABCD.

345 3187 505 3247 Nam
562 3209 737 3250 arcus
794 3192 997 3266 GHF,
1044 3193 1145 3266 λΖ,
1191 3194 1302 3267 xlc,
1348 3193 1429 3266 ei,
1477 3193 1583 3266 θΙι,
1646 3203 1708 3252 et
1765 3192 1991 3263 caeteri,

263 3281 596 3341 secundum
625 3285 922 3345 rationem
951 3287 1401 3347 arithmeticam
1430 3298 1729 3367 perpetuo
1755 3286 1994 3345 decres-

263 3385 490 3448 centeS,
559 3378 822 3454 aequales
882 3389 1023 3440 sunt
1083 3381 1343 3440 totidem
1406 3382 1667 3440 arcubus
1728 3380 1995 3439 semicir-

264 3469 540 3528 culorum
630 3471 901 3550 integris,
987 3475 1306 3553 descriptis
1364 3497 1401 3535 a
1461 3475 1664 3547 radiiS‚
1738 3493 1995 3551 quorum

264 3562 563 3623 maximus
609 3564 854 3642 quidem
899 3575 1057 3628 esset
1102 3569 1236 3641 EG,
1285 3569 1491 3629 caeteri
1532 3588 1675 3628 vero
1732 3568 1995 3626 minores

2036 463 2287 497 DIALOGUS

2126 532 2195 564 vl.
