2462 4120
540 405 660 472 276
1062 419 1149 460 DE
1185 416 1465 460 NATURA
1497 415 1721 457 AERIS.

537 558 819 616 lanorum
849 554 1102 633 hydriis,
1135 573 1392 633 superne
1423 551 1639 611 clausis
1670 563 1733 611 et
1761 554 1986 613 crebris
2015 554 2260 613 forami-

537 652 717 711 nibus
746 650 979 709 inferne
1015 649 1297 728 pertusiS‚
1329 667 1486 724 aqua
1529 667 1651 705 non
1682 647 2014 708 descendit.
2101 649 2262 707 Nam

537 746 703 817 talia,
733 744 1035 822 inquiunt,
1069 751 1427 821 argumenta
1463 740 1582 798 huc
1617 750 1854 801 tantum
1884 743 2162 815 tendunt,
2192 755 2264 801 ut

538 840 740 899 nullus
772 838 950 896 detur
974 838 1140 896 locus
1175 837 1237 894 in
1267 835 1614 912 regionibus
1638 836 1729 895 his
1752 837 2135 897 inferioribus
2159 837 2263 916 qui
2345 908 2347 911 ι

540 954 666 993 non
700 933 781 992 sit
811 941 919 990 aut
948 950 1199 1008 corpore
1230 927 1451 987 visibili
1483 938 1588 986 aut
1617 949 1754 988 aere
1784 932 2067 1009 repletus,

623 1026 701 1085 A.
747 1025 945 1084 Nemo
994 1033 1091 1082 est
1132 1041 1339 1079 eorum
1386 1040 1535 1098 quos
1581 1021 1891 1101 plenistas
1933 1044 2127 1098 vocas,
2161 1023 2266 1102 qui

545 1140 803 1182 vacuum
834 1118 1009 1176 aliter
1038 1115 1323 1192 intelligit
1349 1134 1530 1192 quam
1559 1136 1670 1193 pro
1700 1116 1834 1175 loco
1855 1118 1918 1175 in
1949 1137 2068 1195 quo
2101 1116 2267 1176 nulla

546 1215 794 1274 omnino
850 1209 1187 1271 substantia
1237 1218 1329 1268 est
1384 1229 1691 1286 corporea.
1780 1211 1844 1270 Si
1892 1212 2025 1289 quis
2075 1210 2266 1288 negli-

545 1309 786 1388 gentius
831 1306 1116 1383 loquutus
1165 1302 1406 1371 dixerit,
1456 1302 1520 1362 in
1571 1324 1688 1383 quo
1737 1326 1852 1363 non
1907 1305 1991 1363 sit
2048 1324 2269 1384 corpus

545 1402 784 1464 visibile
812 1400 905 1459 vel
931 1417 1062 1471 aer,
1094 1397 1229 1456 ideo
1271 1397 1442 1470 dixit,
1489 1398 1630 1475 quia
1670 1419 1778 1476 per
1824 1419 2023 1458 aerem
2069 1406 2268 1457 totum

546 1497 699 1559 illud
727 1493 1026 1555 intellexit
1059 1511 1296 1570 corpuS‚
1324 1491 1487 1569 quod
1516 1500 1738 1570 praeter
1766 1501 1991 1552 terram
2022 1501 2083 1551 et
2106 1502 2272 1551 astra

549 1591 850 1668 reliquum
903 1586 1166 1665 spatium
1217 1605 1394 1644 omne
1436 1586 1718 1664 complet.
1825 1587 1966 1647 Illos
2012 1587 2115 1665 qui
2152 1586 2270 1645 hoc

549 1693 797 1763 negant,
845 1702 968 1741 non
1007 1681 1264 1739 aliorum
1312 1681 1644 1740 sententias
1694 1682 1955 1741 arbitror
2002 1679 2272 1740 animad-

549 1778 821 1849 vertisse,
864 1774 1125 1854 propriis
1170 1774 1461 1833 intentos.
1550 1774 1672 1834 Qui
1708 1794 1816 1853 per
1860 1774 2124 1834 fistulam
2169 1793 2273 1833 ore

552 1892 773 1949 aquam
803 1870 987 1948 sugit,
1019 1888 1217 1927 aerem
1251 1867 1517 1926 medium
1549 1868 1716 1946 prius
1757 1869 1938 1947 sugit,
1984 1888 2105 1946 quo
2153 1868 2273 1927 dis-

552 1975 758 2025 tentus
817 1984 1018 2023 aerem
1077 1972 1397 2022 externum
1446 1973 1715 2022 removet
1747 1985 1761 2020 :
1827 1963 1929 2041 qui
1986 1972 2272 2035 remotuS‚

552 2061 753 2120 locum
790 2058 877 2134 (in
894 2057 1100 2136 pleno)
1135 2057 1359 2116 habere
1389 2056 1506 2116 nisi
1534 2058 1875 2135 proximum
1907 2056 2274 2116 removendo

555 2174 680 2213 non
711 2163 944 2231 potest:
993 2162 1053 2211 et
1084 2152 1169 2211 sic
1200 2151 1491 2210 continua
1533 2151 1805 2230 pulsione
1845 2172 2002 2230 aqua
2030 2150 2277 2210 tandem

555 2248 801 2326 pellitur
831 2247 893 2305 in
935 2247 1219 2318 fistulam,
1252 2245 1640 2325 succeditque
1670 2247 1796 2306 aeri
1839 2247 1942 2326 qui
1975 2245 2277 2325 exugitur.

558 2343 632 2401 In
660 2340 889 2420 hydriis
919 2350 1122 2400 autem
1154 2340 1474 2419 perforatis
1508 2340 1644 2400 ideo
1679 2341 1869 2400 haeret
1913 2361 2089 2420 aqua,
2139 2340 2281 2419 quia

560 2455 694 2513 quae
742 2455 849 2513 per
899 2435 1204 2494 tantillum
1249 2434 1523 2494 foramen
1570 2436 1818 2495 exiturit
1862 2435 2013 2495 adeo
2065 2436 2283 2513 exigua

560 2538 671 2599 est,
693 2541 763 2587 ut
786 2549 907 2587 non
936 2528 1127 2607 possit
1155 2528 1241 2588 ita
1268 2528 1330 2587 in
1360 2528 1804 2606 longitudinem
1835 2549 1896 2588 se
1923 2528 2279 2602 diffundere,

559 2634 632 2681 ut
663 2622 1082 2681 descendendo
1113 2622 1348 2681 aditum
1383 2622 1507 2680 aeri
1545 2620 1729 2681 faciat
1766 2642 1875 2700 per
1916 2622 2282 2681 foraminum

562 2716 1078 2776 circumferentias
1100 2742 1115 2786 3
1160 2735 1356 2794 neque
1386 2736 1489 2775 aer
1514 2716 1588 2775 ab
1620 2726 1878 2776 exeunte
1897 2737 2054 2795 aqua
2075 2717 2283 2795 pulsus

560 2810 764 2870 locum
794 2810 978 2869 alium
1013 2811 1100 2888 (in
1133 2810 1359 2870 mundo
1389 2810 1597 2889 pleno)
1626 2810 1847 2869 habere
1877 2819 2096 2889 potest,
2127 2830 2284 2889 prae-

561 2914 839 2982 terquam
871 2925 1047 2983 quem
1079 2926 1233 2984 aqua
1264 2905 1520 2964 deseret.
1622 2905 1806 2964 Vides
1853 2925 1997 2984 ergo
2040 2925 2284 2964 causam

562 2998 902 3058 naturalem
931 3009 1062 3058 tum
1092 2999 1458 3059 ascensionis
1487 3019 1660 3078 aquae
1696 3000 1758 3059 in
1789 3000 1990 3059 fistula
2018 3019 2127 3078 per
2156 3019 2282 3058 suc-

563 3093 814 3165 tionem,
840 3103 971 3152 tum
997 3093 1561 3154 non-descensionis
1585 3114 1693 3173 per
1718 3094 2016 3153 foramina
2033 3093 2283 3173 hydriae.

563 3186 749 3246 Vides
791 3188 971 3247 etiam
1017 3211 1196 3268 quam
1242 3190 1518 3268 ineptum
1568 3190 1644 3248 sit
1693 3189 1772 3248 ad
1822 3188 2285 3268 explicationem

565 3282 890 3341 effectuum
919 3283 1131 3342 talium
1172 3284 1469 3343 advocare
1512 3285 1697 3343 verba
1739 3283 2170 3362 metaphorica,
2217 3292 2286 3342 ut

541 3374 784 3456 fugam-
825 3377 1015 3448 vacui,
1062 3377 1374 3437 horrorem
1411 3387 1666 3450 naturae,
1698 3385 1849 3437 eta:
1895 3378 2112 3456 quibus
2143 3377 2285 3436 olim

568 3470 646 3530 ad
670 3470 1178 3529 existimationem
1209 3493 1376 3531 suam
1402 3472 1688 3532 tuendam
1719 3492 1843 3531 usae
1873 3481 2015 3531 sunt
2044 3470 2285 3530 scholae.

654 3563 734 3624 B.
781 3564 1230 3623 Phaenomenwn
1273 3566 1516 3644 quidem
1567 3565 1730 3625 circa
1775 3585 2033 3625 vacuum
2077 3583 2287 3623 causas

567 3667 732 3717 recte
778 3679 815 3717 a
861 3668 922 3717 te
970 3659 1305 3736 assignatas
1355 3680 1480 3718 esse
1533 3659 1732 3719 credo.
1845 3657 2028 3719 Quod
2082 3667 2287 3716 autem

565 3753 871 3812 neminem
907 3772 1035 3812 esse
1066 3752 1231 3812 dicas
1262 3753 1365 3831 qui
1404 3774 1512 3832 per
1543 3774 1797 3813 vacuum
1827 3751 2124 3812 intellexit
2155 3771 2288 3811 cor-
