2462 4120
541 378 659 432 324
997 389 1462 433 PROBLEMATA
1493 392 1813 435 PHYSIoA.

242 550 353 582 CAP.
374 551 448 583 111.
623 529 703 588 B.
751 529 844 588 De
873 530 1052 590 rebus
1081 531 1577 592 transmundanis
1606 532 1759 591 nihil
1788 532 1931 591 scic.

249 656 449 692 nevam
627 623 707 682 A.
757 623 924 684 Quid
974 624 1049 684 de
1100 627 1516 704 experimento
1565 646 1772 686 censes
1817 624 2274 697 TorricellianO,

542 717 842 795 probante
871 738 1132 778 vacuum
1161 739 1271 798 per
1300 729 1620 799 argentum
1651 721 1876 794 vivum,
1907 721 2027 779 hoc
2051 718 2273 778 modo?

542 811 672 884 Est,
702 811 767 870 in
797 813 1013 890 figura,
1045 813 1101 872 A
1130 813 1322 891 pelvis
1362 814 1487 873 sive
1526 814 1691 873 aliud
1718 834 1843 886 vaS,
1872 822 1933 873 et
1976 814 2041 872 in
2073 832 2145 872 eo
2185 832 2278 871 ar-

542 914 796 983 gentum
826 907 1032 966 vivum
1059 926 1250 985 usque
1281 907 1359 967 ad
1390 908 1460 966 B.
1547 908 1657 967 Est
1696 918 1903 968 autem
1934 908 2053 967 CD
2094 907 2278 967 tubus

542 1000 775 1060 vitreus
827 1020 1148 1074 concaVUS,
1197 1002 1465 1079 repletus
1513 1021 1754 1080 quoque
1812 1011 2068 1080 argento
2117 1001 2276 1061 vivo,

546 1095 733 1154 Hunc
777 1095 994 1154 tubum
1042 1095 1091 1153 si
1130 1094 1322 1172 digito
1353 1096 1750 1169 obturaveris,
1794 1096 2177 1175 erexerisque
2214 1095 2280 1154 in

543 1209 685 1249 vase
709 1188 783 1261 A,
814 1208 1185 1267 manumque
1216 1189 1558 1262 abstuleris,
1591 1189 1919 1249 descendet
1958 1199 2281 1268 argentum

543 1283 749 1343 vivum
778 1302 815 1341 a
845 1282 927 1341 C:
959 1301 1173 1340 verum
1196 1301 1320 1340 non
1343 1282 1691 1342 effundetur
1714 1291 1912 1342 totum
1935 1283 2000 1342 in
2021 1283 2279 1362 pelvem,

546 1377 654 1436 sed
677 1377 923 1436 sistetur
946 1376 1010 1434 in
1036 1375 1325 1435 distantia
1354 1376 1636 1454 quadam,
1661 1385 1812 1456 puta
1831 1377 1897 1436 in
1919 1377 1996 1436 D.
2058 1376 2283 1436 Nonne

546 1491 691 1550 ergo
721 1469 1132 1530 necessarium
1161 1478 1275 1540 est,
1304 1479 1375 1529 ut
1402 1489 1543 1548 pars
1571 1471 1705 1530 tubi
1735 1472 1896 1531 inter
1927 1469 1977 1530 C
2006 1479 2069 1529 et
2108 1469 2164 1528 D
2203 1469 2284 1529 sit

545 1564 779 1625 vacua?
865 1564 1009 1622 Non
1039 1563 1220 1634 enim,
1253 1572 1420 1642 put0,
1445 1565 1699 1643 negabis
1742 1566 1889 1645 quin
1934 1563 2283 1644 superficies

547 1660 683 1719 tubi
728 1677 1015 1728 concava,
1056 1666 1119 1716 et
1166 1659 1407 1738 argenti
1451 1660 1574 1719 vivi
1622 1680 1913 1734 convexa,
1956 1679 2020 1720 se
2069 1668 2284 1718 mutuo

550 1752 1023 1832 exquisitissime
1053 1753 1435 1831 contingant.

632 1848 713 1907 B.
758 1848 890 1926 Ego
920 1865 1118 1923 neque
1146 1867 1306 1926 nego
1337 1855 1711 1922 contactum,
1750 1867 1950 1927 neque
1978 1847 2103 1907 vim
2139 1866 2286 1906 con-

551 1942 884 2022 sequentiae
929 1942 1227 2022 intelligo.
1317 1941 1382 2000 Si
1426 1941 1560 2020 quis
1605 1942 1669 2001 in
1716 1951 2039 2022 argentum
2080 1941 2287 2001 vivum

550 2036 715 2114 quod
744 2036 804 2095 in
841 2056 981 2097 vase
1001 2046 1093 2097 est
1110 2036 1372 2096 vesicam
1390 2035 1756 2096 immerserit
1771 2036 2065 2108 inflatam,
2083 2053 2288 2094 nonne

550 2131 673 2203 illa,
704 2139 911 2190 amota
933 2151 1138 2204 manu,
1170 2131 1485 2208 emerget?

637 2224 718 2283 A.
766 2225 862 2284 Ita
891 2235 1077 2298 certe,
1109 2225 1226 2284 etsi
1255 2234 1412 2283 esset
1442 2224 1644 2284 vesica
1673 2223 1891 2299 ferrea,
1921 2224 2018 2284 vel
2048 2244 2123 2284 ex
2160 2243 2289 2284 ma-

552 2319 710 2380 teria
741 2339 1125 2398 quacumque
1147 2327 1373 2398 praeter
1403 2338 1638 2377 aurum.
1656 2319 1663 2326 ”

641 2414 721 2473 Β.
768 2414 954 2474 Vides
972 2414 1161 2493 igitur
1185 2413 1261 2473 ab
1286 2432 1425 2472 aere
1443 2413 1751 2491 penetrari
1769 2431 1948 2491 posse
1967 2420 2291 2492 argentum

555 2509 782 2570 vivum.

641 2602 723 2663 A.
768 2601 972 2661 Etiam
1000 2624 1013 2659 :
1060 2608 1121 2660 et
1168 2599 1415 2679 quidem
1444 2600 1549 2660 illa
1589 2601 1723 2680 ipsa
1751 2601 1832 2675 vi,
1863 2620 2045 2679 quam
2075 2620 2111 2660 a
2139 2619 2294 2680 pon-

559 2697 701 2758 dere
733 2696 958 2775 accipit
986 2695 1227 2774 argenti
1255 2694 1393 2754 vivi.

640 2789 720 2850 B.
768 2790 961 2850 Simul
996 2798 1178 2867 atque
1215 2798 1539 2868 argentum
1567 2789 1772 2848 vivum
1803 2787 2188 2848 descenderit
2216 2786 2296 2846 ad

559 2887 636 2959 D,
668 2885 847 2944 altius
887 2884 1002 2943 erit
1031 2883 1097 2942 in
1125 2902 1270 2942 vase
1300 2883 1356 2942 A
1387 2902 1567 2961 quam
1593 2892 1735 2943 ante
1762 2906 1775 2942 ε
1822 2883 2127 2953 nimirum,
2157 2882 2295 2961 plus

561 2980 802 3059 argenti
824 2978 1087 3042 vivierit
1116 2978 1180 3037 in
1198 2997 1342 3037 vase
1373 2998 1556 3057 quam
1587 2987 1718 3037 erat
1747 2987 1890 3038 ante
1917 2977 2294 3050 descensum,

561 3083 734 3135 tanto
767 3083 1061 3153 quantum
1094 3074 1259 3152 capit
1287 3093 1427 3152 pars
1467 3073 1601 3132 tubi
1632 3073 1749 3132 CD
1777 3097 1790 3131 :
1846 3081 2021 3132 tanto
2054 3090 2296 3151 quoque

562 3169 763 3228 minus
795 3168 909 3227 erit
940 3168 1097 3227 aeris
1122 3177 1295 3227 extra
1318 3168 1553 3240 tubum,
1579 3187 1764 3246 quam
1794 3176 1936 3226 ante
1967 3174 2114 3226 erat.
2187 3164 2297 3224 Ille

565 3271 769 3323 autem
816 3283 920 3322 aer
969 3262 1074 3341 qui
1120 3263 1196 3321 ab
1239 3270 1493 3340 argento
1523 3262 1662 3321 vivo
1693 3261 1828 3320 loco
1868 3281 1978 3320 suo
2019 3268 2297 3320 extrusus

567 3367 678 3433 est,
743 3358 1084 3437 (supposita
1141 3358 1410 3417 universi
1462 3355 1893 3436 plenitudine),
1951 3376 2070 3435 quo
2131 3354 2298 3415 abire

565 3461 789 3533 potest,
819 3452 937 3511 nisi
959 3450 1039 3511 ad
1070 3471 1207 3510 eum
1230 3451 1434 3511 locum
1459 3450 1562 3530 qui
1590 3450 1655 3510 in
1692 3450 1842 3510 tubo
1881 3450 2043 3509 inter
2074 3448 2123 3509 C
2151 3456 2213 3507 et
2242 3446 2298 3505 D

567 3568 604 3607 a
650 3547 948 3606 descensu
981 3544 1220 3623 argenti
1248 3545 1371 3604 vivi
1416 3544 1920 3623 relinquebatur?
2010 3541 2132 3603 Sed
2160 3559 2299 3619 qua,

568 3641 825 3719 inquies,
849 3640 948 3700 via
975 3638 1039 3698 in
1069 3638 1241 3698 illum
1269 3637 1474 3698 locum
1505 3656 1896 3699 successurus
1927 3643 2018 3697 est
2042 3635 2062 3694 Ρ
2137 3634 2295 3708 Qua,
