2522 4152
578 363 611 415 4
929 375 1375 418 ΕΧΑΜΙΝΑΤῙΟ
1411 378 1493 418 ΕΤ
1526 377 1936 418 EMENDATIO

268 535 515 568 nmmous
579 513 654 572 ab
701 513 976 591 Egyptiis
1017 515 1314 589 didicisse,
1360 517 1581 576 author
1621 526 1712 575 est
1756 517 2025 576 historiae
2074 519 2297 580 veteris

372 603 402 634 ¹·
503 659 508 666 .
578 607 980 686 transcriptor
1033 609 1334 669 Diodorus
1395 611 1647 682 SiculuS,
1703 610 1766 668 in
1819 611 2084 670 secunda
2125 623 2298 690 parte

576 700 714 758 libri
733 701 912 778 primi
933 703 1017 760 sic
1039 704 1306 762 scribens
1329 727 1341 761 :
1393 702 1711 762 Chaldoeos
1736 703 1919 762 etiam
1941 704 2166 778 dicunt,
2191 707 2300 786 qui

576 793 638 852 in
669 793 986 873 Babylone
1020 805 1161 855 sunt
1203 796 1397 856 coloni
1426 796 1866 876 Egyptiornm,
1898 806 2167 878 propter
2195 821 2299 859 as·-

576 887 907 970 trologz'am
931 890 1253 960 celebrari,
1284 912 1459 970 qnam
1483 911 1522 949 a
1545 890 1968 950 sacerdotibus
1990 891 2298 974 Egyptiis

575 981 938 1043 didicerunt.
1028 985 1179 1045 Quis
1211 986 1340 1044 haec
1371 985 1764 1044 conciliabit?

657 1073 734 1134 B.
779 1076 982 1136 Etiam
1011 1078 1348 1137 Wallisium
1380 1078 1667 1136 credibile
1697 1087 1807 1150 est,
1839 1080 1966 1156 ejus
2007 1081 2171 1158 quod
2198 1082 2297 1141 hic

577 1168 742 1241 dicit,
775 1171 1088 1230 authorem
1120 1172 1401 1230 habuisse
1425 1172 1979 1250 historiographum
2003 1175 2296 1253 aliquem;

575 1282 716 1321 nam
741 1263 1057 1323 dissentire
1079 1266 1237 1325 inter
1260 1285 1322 1324 se
1343 1265 1662 1324 historicos
1682 1266 2023 1325 mirandum
2040 1288 2162 1328 non
2184 1281 2295 1331 est.

659 1354 734 1415 A.
773 1356 862 1416 Et
879 1368 1121 1438 proeter
1149 1360 1329 1418 varia
1361 1358 1734 1418 theoremata
1757 1359 1834 1418 de
1857 1380 2004 1419 novo
2033 1361 2294 1438 inventa,

576 1450 719 1529 ipsa
750 1451 1085 1511 inveniendi
1114 1452 1425 1511 methodus
1455 1452 2098 1531 multnmfacilitatur.
2184 1455 2298 1516 Al-

571 1543 798 1623 gebrce,
831 1567 1061 1625 nempe,
1093 1547 1218 1605 Sive
1245 1545 1572 1624 analytica>
1606 1567 1752 1605 usas
1793 1547 1961 1620 ultra
1993 1570 2168 1627 qnam
2198 1551 2299 1631 qui

575 1638 878 1696 veteribus
909 1639 1183 1711 innotuit,
1196 1641 1334 1717 jam
1364 1639 1701 1699 innotescit.

659 1730 733 1788 B.
785 1733 1080 1792 Quaenam
1129 1743 1270 1792 sunt
1306 1733 1409 1791 illa
1448 1734 1827 1793 theoremata
1865 1755 2023 1796 nova
2052 1757 2161 1816 per
2191 1739 2297 1798 Al-

572 1825 819 1902 gebram
851 1826 1096 1885 inventa
1121 1826 1140 1885 ἓ

659 1920 735 1980 A.
783 1920 1076 1999 Intelligit
1106 1921 1361 1980 fortasse
1393 1942 1481 1994 ea,
1515 1942 1650 2001 quae
1680 1933 1822 1982 sunt
1859 1924 1921 1984 in
1953 1924 2296 2003 Ougthredi

572 2011 755 2071 Clave
801 2013 1248 2074 Mathematica.
1342 2015 1463 2075 Sed
1506 2025 1710 2075 tamen
1757 2018 1947 2076 multa
1997 2019 2113 2078 illis
2160 2020 2295 2098 pul-

572 2106 814 2166 chriora
841 2108 902 2166 in
932 2109 1086 2168 libro
1119 2110 1375 2187 septimo
1407 2110 1595 2189 Pappi
1635 2121 1866 2185 extant,
1909 2112 2155 2172 inventa
2184 2134 2295 2192 per

570 2200 897 2279 algebram,
951 2203 1065 2261 etsi
1116 2204 1244 2261 sine
1307 2205 1592 2282 symbolis
1661 2205 2080 2266 demonstrata
2148 2209 2291 2267 sint.

571 2294 691 2353 Sed
721 2297 992 2355 neutrius
1023 2298 1397 2357 theoremata
1426 2299 1544 2357 alia
1575 2308 1716 2359 sunt
1757 2320 1939 2378 quam
1980 2321 2112 2380 quae
2148 2322 2294 2362 con-

567 2388 839 2447 tinentur
860 2390 922 2448 in
943 2389 1219 2450 doctrina
1242 2393 1732 2471 rectangulorum
1760 2405 1822 2453 et
1846 2395 2292 2474 triangulorum

565 2483 1038 2543 rectilineorum.
1126 2486 1366 2545 Falsum
1397 2488 1581 2546 etiam
1613 2498 1723 2560 est,
1756 2489 1920 2567 quod
1949 2489 2049 2548 ille
2072 2489 2290 2562 innuit,

567 2576 875 2654 algebram
906 2587 967 2635 et
989 2579 1353 2657 analyticam
1385 2582 1638 2640 eandem
1664 2601 1791 2641 esse
1814 2602 1962 2641 rem.
2050 2583 2292 2642 Falsum

566 2668 734 2742 item,
782 2671 1088 2748 algebram
1134 2674 1489 2734 methodum
1538 2695 1667 2735 esse
1716 2675 2082 2736 inveniendi.
2171 2677 2291 2736 Sed

566 2763 698 2823 haec
729 2765 1025 2842 posterius
1055 2767 1367 2846 magisque
1407 2789 1515 2827 suo
1546 2770 1679 2829 loco
1710 2770 2292 2830 examinabimus.—

567 2857 964 2917 Astronomz‘a
1035 2859 1274 2919 eaeimiis
1345 2862 1603 2922 inventis
1661 2864 2290 2924 instauratur.—Nu-

566 2961 762 3010 merat
812 2952 930 3010 hoc
986 2953 1140 3025 loco,
1199 2954 1672 3016 observationem
1731 2958 2057 3017 stellarum
2118 2957 2290 3018 eirea

566 3044 820 3113 Jovem;
884 3046 1050 3104 Solis
1098 3048 1413 3118 macala8;
1471 3052 1728 3110 Saturni
1774 3052 2027 3111 ansulas
2043 3075 2067 3120 ;
2116 3051 2291 3112 ‚Iovis

540 3139 806 3216 fascias
826 3162 848 3206 ,·
908 3139 1100 3198 Lnnoe
1153 3143 1568 3221 asperitatem.
1659 3146 1778 3205 Sed
1833 3146 1978 3226 quid
2028 3146 2161 3206 haec
2211 3145 2290 3205 ad

565 3234 873 3312 algebram
899 3232 918 3291 ἒ
1004 3234 1098 3293 Ne
1123 3254 1158 3292 a
1179 3246 1494 3312 geometra
1517 3239 1781 3316 quidem,
1808 3250 1915 3299 aut
1937 3249 2288 3300 astronomo

563 3327 706 3399 ullo,
755 3327 1004 3386 inventa
1050 3328 1180 3386 haec
1220 3338 1380 3401 sunt,
1429 3331 1535 3389 sed
1582 3332 1657 3390 ab
1698 3333 1983 3393 illiterato
2024 3333 2287 3413 quodam

566 3422 814 3480 Batavo,
903 3420 1062 3479 Nam
1091 3421 1197 3492 illi,
1229 3421 1325 3479 cui
1360 3422 1630 3482 inventio
1667 3425 1925 3486 debetur
1954 3427 2285 3506 telescopii,

565 3515 818 3574 debetur
848 3534 1088 3592 quoque
1130 3513 1394 3574 detectio
1435 3516 1747 3576 stellarum
1775 3520 2119 3592 Jovialium,
2161 3540 2286 3579 ma-

560 3609 831 3668 cularum
868 3608 1174 3680 solarium,
1215 3609 1317 3667 &c.
1407 3608 1629 3668 Nonne
1661 3622 1722 3669 et
1753 3613 1863 3670 tibi
1895 3614 1981 3672 sic
2011 3612 2283 3673 videtur?
