2462 4120
588 355 702 406 124
947 367 1391 411 ΕΧΑΜΙΝΑΤΙΟ
1428 370 1511 410 ET
1545 369 1956 411 EMENDA'no

264 525 513 557 mALoGus
578 501 957 581 magnitude,
1010 504 1227 584 inquit,
1278 505 1492 585 aliqua
1537 525 1783 565 numero
1829 506 2146 580 dividitur,
2192 528 2311 567 non

358 592 430 624 111.

578 603 705 654 tam
734 595 953 656 divisio
982 607 1077 659 est
1107 620 1282 679 quam
1311 598 1776 679 multiplicatio,
1864 600 2048 662 Quod
2087 600 2309 660 falsum

577 698 703 758 est3
748 690 870 751 imo
899 712 1043 752 vero
1074 692 1421 765 absurdum,
1442 693 1931 771 magnitudinem
1959 714 2073 773 per
2100 714 2314 753 nume-

575 802 712 843 rum
751 784 957 859 dividi,
999 795 1068 846 ut
1110 786 1277 845 nulla
1323 794 1531 844 tamen
1569 787 1676 846 fiat
1722 786 1954 848 divisio.
2049 788 2211 847 Nam
2260 787 2312 847 si

576 888 885 956 quaeratur
916 882 1153 958 quoties
1198 887 1233 938 2
1267 879 1323 938 A
1365 879 1751 957 reperiantur
1789 880 1851 940 in
1896 889 1918 941 l
1959 881 2032 954 A,
2064 901 2309 960 respon-

576 971 757 1031 detur
786 982 1067 1032 accurate
1097 972 1136 1053 ὲ
1168 971 1388 1040 seme13
1433 992 1605 1051 aeque
1636 993 1708 1032 ac
1749 974 1801 1033 si
1830 974 2128 1052 quaerenti
2158 995 2308 1054 quo-

574 1066 687 1125 ties
747 1075 817 1126 12
870 1067 1263 1126 continentur
1313 1066 1377 1124 in
1430 1073 1487 1138 6,
1535 1068 2006 1145 responderetur
2029 1065 2127 1135 -ὲκ
2223 1068 2307 1127 At

575 1160 897 1239 quceritur,
948 1160 1148 1239 inquit
1187 1158 1515 1229 WallisiuS,
1566 1160 1795 1238 quoties
1833 1180 2114 1220 numerus
2160 1183 2306 1240 qua-

573 1254 889 1313 dratorum
928 1254 989 1312 in
1020 1274 1171 1312 area
1204 1253 1341 1325 AB,
1374 1252 1680 1312 contineat
1710 1273 2012 1312 numerum
2041 1252 2308 1334 longitu-

573 1347 775 1407 dinum
804 1348 865 1407 in
898 1347 1095 1406 latere
1119 1347 1191 1419 A,
1224 1355 1290 1405 ut
1312 1346 1640 1427 proveniat
1668 1366 1946 1406 numerus
1970 1346 2306 1428 longitudi-

572 1463 707 1500 num
736 1442 796 1501 in
826 1441 1021 1500 latere
1047 1442 1117 1500 Β.
1205 1441 1419 1520 Itaque
1450 1442 1513 1500 in
1554 1461 1809 1501 numero
1851 1441 2304 1519 quadratorum,

571 1537 635 1595 id
693 1546 783 1596 est
840 1537 901 1594 in
965 1535 1551 1614 parallelogrammO,
1611 1535 1961 1594 continetur
2018 1555 2305 1595 numerus

570 1631 1058 1710 longitudinum:
1102 1630 1165 1688 id
1196 1640 1306 1702 est,
1338 1629 1751 1708 longitudines
1798 1631 2031 1709 aliquot
2070 1630 2306 1690 faciunt

571 1725 971 1804 superficiem.
1061 1724 1244 1785 Quod
1273 1733 1334 1782 et
1364 1724 1693 1782 absurdum
1736 1733 1845 1798 est,
1877 1733 1939 1784 et
1979 1733 2196 1784 contra
2232 1745 2305 1785 ea

571 1840 707 1898 quae
735 1819 1008 1898 proxime
1039 1827 1183 1878 ante
1215 1818 1471 1891 dixerat,
1501 1818 1806 1891 nimirum,
1839 1819 1939 1878 hic
1966 1839 2084 1878 non
2114 1818 2304 1898 quoeri

571 1914 803 1992 quoties
822 1913 877 1972 A
900 1912 1234 1971 continetur
1257 1912 1319 1971 in
1337 1911 1535 1992 plano
1552 1913 1688 1972 AB.
1758 1913 1864 1973 Sin
1888 1933 1997 1992 per
2018 1932 2303 1973 numeros

573 2007 1007 2086 quadratorum
1066 2015 1127 2066 et
1183 2006 1641 2085 longitudinum
1699 2007 1959 2085 intelligi
2009 2007 2141 2067 vult
2188 2027 2302 2067 nu-

571 2120 771 2160 meros
804 2101 1176 2180 simpliciter,
1206 2110 1277 2161 ut
1312 2121 1525 2160 sensus
1556 2101 1654 2175 sit,
1687 2121 2009 2160 numerum
2038 2102 2302 2181 aliquem

572 2195 945 2274 simpliciter,
975 2196 1039 2255 id
1068 2205 1179 2270 est,
1210 2196 1514 2255 nullarum
1555 2216 1759 2255 rerum
1796 2215 2118 2256 numerum
2157 2216 2302 2256 con-

569 2290 752 2349 tineri
797 2290 860 2349 in
913 2311 1053 2350 area
1101 2289 1652 2369 parallelogrammi
1692 2289 1831 2363 AB,
1882 2288 2152 2368 loquitur
2192 2289 2302 2350 ali-

572 2393 800 2463 quanto
831 2386 1014 2445 etiam
1044 2384 1383 2445 absurdius,

653 2479 734 2538 B.
778 2479 1113 2539 Veritatem
1160 2479 1320 2538 circa
1374 2478 1778 2537 differentiam
1828 2477 1988 2536 inter
2033 2477 2301 2556 applica-

571 2573 800 2632 tionem
829 2574 994 2652 plani
1019 2574 1096 2633 ad
1124 2573 1368 2646 lineam,
1410 2582 1473 2631 et
1515 2571 1869 2631 divisionem
1916 2570 2154 2630 numeri
2191 2590 2301 2649 per

569 2687 907 2739 numerum,
926 2667 1105 2746 pauci
1130 2677 1273 2726 sunt
1297 2666 1401 2745 qui
1423 2685 1548 2725 non
1572 2665 1938 2744 intelligunt,
1960 2663 2066 2724 sed
2089 2664 2300 2724 viden-

571 2763 733 2822 tibus
764 2762 934 2840 quasi
974 2782 1080 2840 per
1119 2762 1364 2835 nubem,
1404 2769 1610 2820 utrum
1657 2759 2111 2819 accuratissime
2157 2778 2301 2819 con-

570 2856 819 2916 veniant
847 2857 1006 2915 inter
1036 2876 1100 2916 se
1129 2876 1243 2916 nec
1273 2875 1371 2929 ne,
1402 2875 1525 2914 non
1555 2854 1701 2914 satis
1732 2862 1989 2913 constat.

653 2948 728 3009 A.
776 2951 905 3009 Imo
935 2970 1100 3021 vero,
1129 2950 1331 3029 potius
1367 2949 1432 3008 id
1473 2948 1636 3027 quod
1680 2956 1920 3008 constat
1959 2946 2299 3007 nescientes

573 3044 791 3122 eloqui,
830 3042 1134 3122 coguntur
1173 3066 1210 3104 a
1244 3065 1352 3104 sua
1389 3045 1660 3123 ipsorum
1706 3050 1991 3116 ampoxoqu
2036 3039 2298 3113 veritati,

574 3159 755 3218 quam
813 3138 1130 3197 enuntiare
1189 3138 1488 3210 nesciunt,
1561 3135 1999 3196 contradicere.
2116 3134 2301 3195 Quod

574 3232 845 3312 proxime
876 3231 1164 3310 sequitur,
1196 3232 1472 3292 rationes
1501 3250 1700 3290 omnes
1738 3228 2017 3306 (subaudi
2058 3248 2297 3308 geome-

575 3325 784 3403 tricas)
820 3344 1297 3406 quarumcunque
1326 3325 1415 3385 ad
1447 3324 1695 3384 invicem
1726 3323 2135 3404 quantitatum
2165 3341 2299 3381 esse

576 3421 736 3480 inter
765 3439 831 3478 se
858 3418 1280 3499 homogenecw,
1311 3428 1670 3499 peracutum
1709 3427 1821 3491 est,
1865 3416 2017 3477 adeo
2060 3426 2132 3475 ut
2172 3433 2298 3475 non

573 3515 964 3592 intelligatur.
1057 3513 1175 3572 Ubi
1207 3512 1480 3572 definivit
1510 3511 1934 3591 homogeneum
1957 3513 1992 3570 ,9

660 3608 739 3668 B.
786 3608 1117 3686 Nusquam.
1235 3607 1354 3667 Sed
1426 3606 1714 3666 definiisti
1773 3615 1840 3664 tu
1889 3605 2296 3680 homogeneas
