2522 4152
611 401 1136 444 MATHEMATICAE
1173 403 1576 446 HomaRNAE.
1926 395 1960 446 5

307 541 385 603 B.
431 542 717 602 Omnino.

306 637 388 698 A.
431 637 882 697 Mathematam
905 634 1136 707 stadia,
1168 655 1284 693 non
1314 634 1490 693 modo
1510 656 1636 715 pro
1667 659 1742 697 ea
1776 660 1959 719 qaam

223 732 286 792 in
313 753 382 792 se
411 730 634 791 habent
654 730 939 803 veritate,
961 728 1215 788 colenda
1241 749 1394 802 esse,
1428 750 1554 808 quoe
1577 738 1795 806 tamen,
1819 734 1960 815 ipsa

207 846 338 908 per
361 847 428 885 se
445 826 773 906 conspicua
791 833 851 884 et
873 824 1042 884 ultra
1061 824 1468 903 scepticaram
1490 824 1706 905 litigia
1719 830 1959 907 posita,

219 921 484 980 animum
526 920 768 998 ‘reficiet
809 918 991 978 valde
1031 926 1092 977 et
1138 917 1469 978 oblectabit
1489 941 1513 986 ;
1557 919 1675 978 sed
1704 930 1765 979 et
1802 924 1965 1000 quod

218 1036 420 1075 rerum
464 1015 731 1075 aliarum
773 1013 1111 1094 cognitioni
1149 1035 1265 1072 non
1304 1034 1420 1072 ano
1460 1013 1700 1092 quidem
1729 1018 1959 1077 nomine

216 1110 556 1170 conducant
594 1107 1021 1169 maltum—Id
1063 1107 1227 1186 quod
1258 1108 1333 1167 de
1374 1107 1578 1168 studio
1618 1110 1953 1172 mathema-

216 1205 356 1265 ticae
386 1205 486 1264 hic
519 1205 689 1277 dicit,
736 1224 941 1264 nonne
986 1203 1099 1263 tibi
1129 1202 1370 1262 videtur
1402 1202 1524 1262 dici
1562 1204 1744 1264 etiam
1778 1227 1957 1284 posse

217 1298 292 1358 de
323 1299 526 1358 studio
557 1298 844 1378 physicae,
874 1297 972 1357 vel
1003 1296 1242 1367 ethicae,
1273 1296 1369 1356 vel
1406 1297 1693 1376 politicae,
1727 1300 1821 1359 vel
1853 1300 1958 1360 de-

215 1394 400 1473 nique
432 1393 703 1453 scientiae
733 1394 1152 1472 cujuscunque
1180 1390 1199 1450 ?

299 1489 380 1548 B.
427 1489 588 1548 Non.
677 1489 836 1548 Nam
889 1488 1271 1547 theoremata
1319 1486 1609 1566 physicae,
1666 1489 1809 1567 quia
1859 1511 1954 1549 ac-

214 1583 412 1644 tiones
443 1583 751 1643 naturales
781 1583 1085 1662 pleraeque
1122 1602 1364 1642 sensum
1394 1582 1641 1661 fugiunt
1668 1610 1682 1652 ;
1730 1584 1952 1658 ethica,

212 1688 462 1758 propter
479 1678 812 1738 voluntatis
832 1678 1116 1736 humanae
1135 1677 1608 1737 inconstantiam
1633 1705 1646 1748 ;
1679 1679 1950 1757 politica,

211 1783 463 1854 propter
507 1773 723 1833 ethicae
767 1773 1251 1852 ignorationem3
1298 1793 1495 1851 pauca
1539 1784 1798 1853 possunt
1850 1774 1951 1833 de·-

209 1869 558 1929 monstrari.
663 1869 985 1941 Praeterea,
1044 1868 1232 1927 habet
1287 1869 1723 1928 mathematica
1781 1878 1951 1929 certa

210 1963 489 2042 quaedam
513 1971 574 2022 et
602 1963 951 2022 indubitata
974 1962 1433 2022 demonstrandi
1452 1964 1772 2043 principia,
1799 1984 1948 2043 qua-

207 2057 288 2118 lia
310 2067 452 2118 sunt
472 2057 880 2136 dcftnitioneS,
901 2057 1236 2131 axiomata,
1248 2057 1590 2137 petitiones
1607 2081 1632 2126 ;
1664 2079 1801 2137 quae
1821 2079 1948 2120 non

206 2151 392 2213 habet
436 2173 635 2232 neque
682 2153 952 2232 politica,
998 2173 1194 2231 neque
1242 2153 1462 2226 ethica,
1512 2173 1710 2232 neque
1759 2155 1946 2214 etiam

205 2246 472 2326 physica.
563 2247 769 2308 Quare
801 2247 1295 2307 mathematicam
1337 2256 1511 2308 extra
1547 2248 1744 2327 litigia
1773 2269 1945 2328 scep-

207 2341 467 2401 ticorum
500 2342 691 2402 solam
717 2342 984 2402 eminere
1013 2351 1179 2402 recte
1211 2342 1379 2426 dicit.

288 2437 369 2496 A.
416 2438 638 2497 Nonne
690 2438 874 2498 etiam
919 2439 1174 2499 rationis
1219 2440 1397 2500 lineae
1444 2439 1522 2499 ad
1561 2439 1805 2513 lineam,
1846 2440 1944 2500 vel

206 2533 527 2611 cujuslibet
580 2534 1015 2611 magnitudinis
1069 2535 1148 2594 ad
1199 2535 1380 2594 aliam
1433 2534 1941 2612 magnitudinem,

203 2633 412 2699 ἀκρίβεια
445 2647 690 2687 sensum
728 2627 930 2706 fugit?
1018 2629 1226 2688 Potest
1262 2639 1471 2688 tamen
1515 2628 1938 2688 demonstrari.

202 2720 301 2779 An
332 2741 455 2781 non
488 2733 550 2781 et
582 2742 740 2782 verae
769 2723 1039 2802 physicae
1070 2743 1178 2783 sua
1207 2724 1367 2782 inest
1398 2724 1642 2796 veritaS,
1676 2744 1814 2803 quae
1844 2725 1941 2784 vel

204 2813 561 2875 affirmative
599 2816 694 2876 vel
730 2817 1012 2895 negative
1045 2817 1353 2876 enuntiari
1382 2818 1628 2896 potest?
1715 2818 1939 2878 Nonne

201 2905 399 2987 litigat
449 2931 588 2970 cum
638 2911 1085 2972 mathematicis
1145 2933 1270 2972 non
1322 2913 1521 2971 minus
1567 2932 1749 2991 quam
1800 2933 1940 2972 cum

206 2999 564 3080 dogmaticis
597 3007 816 3066 Sextus
834 3008 1177 3086 Empiricos
1217 3006 1565 3087 scepticus?
1635 3008 1939 3067 Praeterea

203 3113 328 3155 non
358 3099 556 3160 minus
587 3102 853 3162 oblectat
874 3103 1145 3162 animum
1174 3103 1238 3162 in
1260 3103 1547 3182 physicis,
1570 3102 1667 3162 vel
1697 3103 1934 3175 ethiciS,

204 3190 300 3250 vel
329 3193 608 3269 politicis,
647 3197 896 3256 inventa
925 3197 1169 3270 veritaS,
1212 3218 1393 3276 quam
1432 3198 1495 3257 in
1525 3197 1931 3275 geometricis.

287 3284 368 3344 B.
414 3287 544 3347 Imo
595 3292 828 3369 magis;
874 3303 1105 3370 quanto
1153 3293 1386 3352 scilicet
1431 3293 1495 3352 in
1548 3292 1666 3351 illis
1713 3292 1933 3370 saepius

204 3389 462 3452 erratur,
495 3401 674 3460 quam
703 3385 766 3443 in
796 3388 1150 3464 geometria.

288 3474 367 3532 A.
412 3475 613 3535 Etiam
657 3481 970 3553 vocabula,
1019 3482 1238 3560 quibus
1284 3482 1348 3540 in
1394 3481 1664 3562 physica,
1710 3480 1929 3551 ethica,

203 3567 452 3646 politica
496 3570 854 3651 philosopho
900 3575 1198 3635 utendum
1236 3585 1346 3649 est,
1394 3597 1471 3636 an
1522 3574 1760 3633 definiri
1806 3591 1930 3631 non

203 3661 503 3740 possunt?

286 3755 367 3815 B.
415 3756 690 3817 Possunt.

2022 570 2273 602 DIALOGUS

2130 637 2162 670 1.
