2462 4120
315 524 455 556 PROP.
483 524 535 556 11.

303 581 542 610 κ--Ὑ--κ

612 356 732 409 494
1143 368 1443 412 CURATIO
1480 371 1798 412 SPHAERAE.
1857 402 1862 408 .

612 505 731 564 erit
760 506 1059 584 quadrato
1090 506 1139 567 F
1144 507 1294 570 GHI
1323 511 1697 589 parallelum,
1729 520 1790 571 et
1820 510 2178 570 distinctum
2205 530 2345 589 par-

611 599 776 657 tibus
807 600 1024 660 iisdem
1055 603 1272 680 quibus
1303 604 1702 682 distinguitur
1733 605 2099 682 quadratum
2144 604 2344 683 ipsum

611 690 661 750 F
666 691 817 754 GHI
846 694 909 752 in
941 694 1117 755 dictis
1146 697 1410 774 punctis.
1500 699 1703 777 Atque
1732 698 1894 757 idem
1925 698 2260 776 continget,
2293 698 2344 756 si

613 787 843 846 eaedem
873 790 1405 868 perpendiculares
1435 792 1752 869 productae
1801 792 1921 852 sint
1966 793 2046 852 ad
2086 791 2343 851 eandem

612 881 1020 952 altitudinem,
1052 885 1179 956 AC,
1210 885 1370 943 infra
1397 886 1802 944 horizontem.

699 975 1009 1050 Similiter,
1042 978 1090 1036 si
1121 979 1183 1036 in
1214 978 1458 1056 punctis
1481 979 1557 1049 Q,
1572 979 1635 1050 P,
1649 981 1697 1051 θ,
1711 979 1786 1051 R,
1806 1008 1855 1051 η,
1876 984 1921 1051 Ζ,
1937 980 1998 1052 S,
2019 1007 2058 1051 ε,
2088 993 2132 1052 δ,
2145 980 2214 1052 Τ,
2229 1018 2279 1058 γ,
2290 1001 2339 1053 β,

610 1069 674 1128 in
705 1070 1092 1130 altitudinem
1122 1073 1234 1131 AY
1264 1073 1578 1148 erigantur
1606 1074 2138 1151 perpendiculares
2161 1094 2345 1152 supra

610 1163 1013 1237 horizontem,
1044 1166 1293 1243 planum
1325 1165 1577 1224 ductum
1620 1186 1732 1244 per
1770 1167 2011 1226 illarum
2051 1167 2343 1228 terminos

609 1257 728 1317 erit
757 1259 1054 1338 quadrato
1086 1257 1298 1331 QRST
1327 1259 1701 1336 parellelum.
1775 1260 1979 1339 Atque
2010 1261 2170 1319 idem
2203 1282 2345 1321 con-

608 1352 808 1431 tinget
838 1354 1022 1411 etiam
1052 1353 1212 1411 infra
1239 1353 1621 1412 horizontem
1648 1377 1661 1412 :
1709 1363 2007 1433 eruntque
2035 1355 2186 1414 facti
2222 1355 2343 1415 duo

609 1447 767 1521 cubi,
803 1466 1060 1524 quorum
1100 1447 1292 1505 latera
1321 1457 1464 1506 sunt
1495 1447 1610 1506 GH
1645 1456 1707 1507 et
1753 1449 1887 1509 QR.
1977 1449 2173 1527 Super
2201 1469 2344 1508 cen-

606 1550 771 1600 trum
803 1542 853 1598 A
890 1540 1296 1600 constituatur
1327 1541 1692 1619 quadratum
1739 1542 1903 1622 adfg
1932 1543 2163 1621 aequale
2195 1543 2343 1602 dua-

605 1634 720 1693 bus
768 1634 963 1693 tertiis
1009 1635 1199 1694 totius
1231 1636 1514 1713 quadrati
1547 1634 1770 1696 GHIF.
1858 1634 2156 1710 Quoniam
2197 1658 2342 1716 ergo

606 1729 968 1807 quadratum
1004 1728 1214 1803 QRST
1246 1731 1477 1809 aequale
1508 1742 1599 1790 est
1642 1731 1871 1790 circulo
1903 1730 2142 1805 BDOE,
2175 1733 2226 1792 si
2265 1732 2344 1792 ad

604 1833 836 1903 puncta
866 1822 936 1897 Q,
958 1823 1034 1896 R,
1060 1822 1118 1896 S,
1142 1823 1191 1883 T
1230 1825 1545 1903 erigantur
1590 1835 1774 1885 rectae
1812 1826 2346 1904 perpendiculares

605 1939 863 1996 quarum
903 1938 1286 1997 unaquaeque
1322 1919 1572 1997 aequalis
1615 1919 1692 1978 sit
1733 1919 2030 1980 diametro
2074 1921 2194 1994 ΟΕ,
2237 1922 2345 1980 fiet

605 2013 866 2072 solidum
896 2013 1320 2092 rectangulum
1351 2014 1584 2092 aequale
1615 2014 1891 2093 cylindro
1922 2015 2259 2075 constituto
2278 2015 2341 2074 in

605 2107 818 2166 eadem
849 2107 1193 2167 altitudine.

691 2203 892 2280 Hujus
945 2201 1206 2280 cylindri
1259 2201 1396 2261 duae
1447 2202 1646 2261 tertiae
1691 2202 1954 2282 aequales
2008 2211 2153 2261 sunt
2209 2202 2343 2281 (per

607 2295 1066 2371 Archimedem)
1087 2296 1341 2372 sphaerae
1373 2316 1409 2354 a
1441 2296 1740 2356 diametro
1773 2298 1910 2355 CE:
1940 2316 2178 2375 nempe,
2202 2317 2342 2375 par-

603 2390 1056 2469 allelipipedum
1102 2391 1530 2469 rectangulum
1583 2392 1754 2469 cujus
1800 2390 2056 2450 altitudo
2099 2399 2191 2449 est
2231 2411 2340 2470 ag,

604 2494 667 2545 et
697 2485 832 2544 duae
858 2484 1264 2544 dimensiones
1293 2485 1542 2563 reliquae
1573 2494 1715 2544 sunt
1737 2485 1847 2544 TR
1865 2492 1926 2543 et
1951 2484 2087 2556 QR,
2113 2485 2342 2563 aequale

605 2580 722 2638 erit
770 2579 1042 2657 sphaerae.
1149 2579 1318 2638 Inter
1362 2579 1521 2638 latus
1561 2578 1673 2644 TQ
1720 2586 1781 2637 et
1822 2577 2208 2636 altitudinem
2255 2599 2343 2658 ag

605 2683 881 2734 sumatur
930 2673 1132 2732 media
1180 2673 1652 2753 proportionalis
1698 2672 1795 2744 len,
1848 2672 2343 2750 compleaturque

605 2768 971 2847 quadratum
1002 2766 1179 2826 lelmn.
1250 2767 1556 2828 Quoniam
1583 2787 1728 2844 ergo
1758 2767 1953 2825 latera
1981 2766 2115 2838 ΤΘ,
2134 2766 2232 2838 lm,
2253 2786 2342 2847 ag

605 2872 748 2922 sunt
779 2863 1070 2921 continue
1100 2862 1603 2941 proportionalia,
1634 2862 1752 2919 erit
1790 2860 2156 2939 quadratum
2180 2859 2343 2919 lclmn

603 2956 835 3034 aequale
864 2956 1220 3033 rectangulo
1253 2957 1362 3015 sub
1392 2955 1524 3027 TQ,
1555 2976 1662 3034 ag.
1738 2955 1945 3015 Quare
1976 2953 2342 3034 quadratum

604 3049 766 3109 klmn
798 3049 1051 3108 ductum
1081 3049 1145 3108 in
1193 3069 1368 3108 suum
1411 3049 1570 3108 latus
1602 3049 1679 3108 lm
1712 3049 1946 3128 aequale
1983 3049 2100 3109 erit
2146 3048 2340 3108 solido

605 3145 716 3204 sub
745 3144 878 3214 TQ,
911 3142 1008 3215 lm,
1031 3163 1135 3222 ag.
1213 3143 1521 3209 Quoniam
1552 3162 1698 3221 ergo
1729 3143 1884 3202 ratio
1917 3142 2198 3222 quadrati
2222 3141 2343 3200 akn

603 3238 684 3298 ad
720 3237 1083 3317 quadratum
1124 3236 1199 3295 ab
1232 3257 1339 3316 ag,
1373 3236 1684 3315 duplicata
1725 3246 1817 3295 est
1860 3236 2114 3295 rationis
2160 3255 2342 3314 quam

603 3334 791 3394 habet
820 3331 1080 3392 altitudo
1112 3331 1190 3390 lm
1225 3331 1304 3390 ad
1334 3352 1443 3411 ag,
1469 3341 1530 3391 et
1563 3331 1822 3391 altitudo
1844 3331 1959 3391 ΤΘ,
1977 3330 2056 3390 ad
2074 3329 2340 3389 altitudi-

603 3447 745 3486 nem
805 3448 894 3508 ag
945 3425 1317 3504 duplicatam
1376 3426 1561 3486 habet
1617 3425 1920 3485 rationem
1978 3426 2107 3503 ejus
2159 3444 2342 3502 quam

603 3522 790 3580 habet
835 3519 1095 3580 altitudo
1125 3519 1240 3580 TQ
1269 3519 1347 3578 ad
1395 3519 1780 3579 altitudinem
1827 3519 1924 3592 lm,
1957 3527 2138 3578 erunt
2165 3518 2341 3576 bases

606 3615 937 3675 solidorum
969 3615 1080 3675 sub
1109 3614 1243 3687 ΤΘ,
1269 3614 1366 3687 lm,
1393 3635 1500 3694 ag,
1535 3623 1596 3675 et
1626 3613 1977 3674 altitudines
2008 3610 2341 3673 eorundem
