<?xml version="1.0" encoding="UTF-8"?>
<!DOCTYPE html PUBLIC "-//W3C//DTD XHTML 1.0 Transitional//EN"
    "http://www.w3.org/TR/xhtml1/DTD/xhtml1-transitional.dtd">
<html xmlns="http://www.w3.org/1999/xhtml" xml:lang="en" lang="en">
 <head>
  <title>
</title>
<meta http-equiv="Content-Type" content="text/html;charset=utf-8" />
  <meta name='ocr-system' content='tesseract 3.04.00' />
  <meta name='ocr-capabilities' content='ocr_page ocr_carea ocr_par ocr_line ocrx_word'/>
</head>
<body>
  <div class='ocr_page' id='page_1' title='image "./operaphilosophic04hobbuoft_0161.png"; bbox 0 0 2462 4120; ppageno 0'>
   <div class='ocr_carea' id='block_1_1' title="bbox 598 340 1950 393">
    <p class='ocr_par' dir='ltr' id='par_1_1' title="bbox 598 340 1950 393">
     <span class='ocr_line' id='line_1_1' title="bbox 598 340 1950 393; baseline 0.001 -2"><span class='ocrx_word' id='word_1_1' title='bbox 598 348 1124 392; x_wconf 80' lang='lat' dir='ltr'>MATHEMATICAE</span> <span class='ocrx_word' id='word_1_2' title='bbox 1160 348 1567 390; x_wconf 84' lang='lat' dir='ltr'>HODIERNAE.</span> <span class='ocrx_word' id='word_1_3' title='bbox 1838 340 1950 393; x_wconf 91' lang='lat'>149</span> 
     </span>
    </p>
   </div>
   <div class='ocr_carea' id='block_1_2' title="bbox 169 486 2266 3696">
    <p class='ocr_par' dir='ltr' id='par_1_2' title="bbox 169 486 2266 2466">
     <span class='ocr_line' id='line_1_2' title="bbox 216 486 2266 568; baseline -0.002 -17"><span class='ocrx_word' id='word_1_4' title='bbox 216 491 653 562; x_wconf 84' lang='lat' dir='ltr'>demonstrare,</span> <span class='ocrx_word' id='word_1_5' title='bbox 686 508 869 568; x_wconf 89' lang='lat' dir='ltr'>quam</span> <span class='ocrx_word' id='word_1_6' title='bbox 899 486 1289 566; x_wconf 81' lang='lat' dir='ltr'>paucioribus</span> <span class='ocrx_word' id='word_1_7' title='bbox 1337 506 1463 545; x_wconf 90' lang='lat' dir='ltr'>non</span> <span class='ocrx_word' id='word_1_8' title='bbox 1510 486 1950 551; x_wconf 88' lang='lat' dir='ltr'>demonstrare.</span> <span class='ocrx_word' id='word_1_9' title='bbox 2014 513 2266 547; x_wconf 71' lang='lat' dir='ltr'>mALoGns</span> 
     </span>
     <span class='ocr_line' id='line_1_3' title="bbox 217 579 2179 664; baseline -0.003 -19"><span class='ocrx_word' id='word_1_10' title='bbox 217 585 504 664; x_wconf 84' lang='lat' dir='ltr'><strong>Sequitur</strong></span> <span class='ocrx_word' id='word_1_11' title='bbox 531 583 751 641; x_wconf 85' lang='lat' dir='ltr'>Aureae</span> <span class='ocrx_word' id='word_1_12' title='bbox 784 581 1035 660; x_wconf 85' lang='lat' dir='ltr'>Regulae</span> <span class='ocrx_word' id='word_1_13' title='bbox 1054 580 1279 659; x_wconf 82' lang='lat' dir='ltr'>praxiS,</span> <span class='ocrx_word' id='word_1_14' title='bbox 1298 579 1363 637; x_wconf 90' lang='lat' dir='ltr'>id</span> <span class='ocrx_word' id='word_1_15' title='bbox 1382 588 1493 651; x_wconf 88' lang='lat' dir='ltr'>est,</span> <span class='ocrx_word' id='word_1_16' title='bbox 1516 582 1792 660; x_wconf 88' lang='lat' dir='ltr'>exempla</span> <span class='ocrx_word' id='word_1_17' title='bbox 1811 603 1954 662; x_wconf 91' lang='lat' dir='ltr'>ope-</span> <span class='ocrx_word' id='word_1_18' title='bbox 2111 583 2179 614; x_wconf 89' lang='lat' dir='ltr'>1v.</span> 
     </span>
     <span class='ocr_line' id='line_1_4' title="bbox 216 674 1957 755; baseline -0.001 -16"><span class='ocrx_word' id='word_1_19' title='bbox 216 679 469 739; x_wconf 88' lang='lat' dir='ltr'>rationis</span> <span class='ocrx_word' id='word_1_20' title='bbox 527 677 820 755; x_wconf 82' lang='lat' dir='ltr'>vulgaria.</span> <span class='ocrx_word' id='word_1_21' title='bbox 931 675 1189 748; x_wconf 83' lang='lat' dir='ltr'>Deinde,</span> <span class='ocrx_word' id='word_1_22' title='bbox 1243 674 1590 752; x_wconf 84' lang='lat' dir='ltr'>exemplum</span> <span class='ocrx_word' id='word_1_23' title='bbox 1636 676 1820 750; x_wconf 92' lang='lat' dir='ltr'>aliud,</span> <span class='ocrx_word' id='word_1_24' title='bbox 1850 679 1957 738; x_wconf 89' lang='lat' dir='ltr'>ubi</span> 
     </span>
     <span class='ocr_line' id='line_1_5' title="bbox 215 768 1958 852; baseline 0.001 -21"><span class='ocrx_word' id='word_1_25' title='bbox 215 773 506 852; x_wconf 83' lang='lat' dir='ltr'>quaeritur</span> <span class='ocrx_word' id='word_1_26' title='bbox 536 781 726 852; x_wconf 81' lang='lat' dir='ltr'>quota</span> <span class='ocrx_word' id='word_1_27' title='bbox 757 771 912 830; x_wconf 73' lang='lat' dir='ltr'>liora</span> <span class='ocrx_word' id='word_1_28' title='bbox 940 771 1026 829; x_wconf 78' lang='lat' dir='ltr'>Sit</span> <span class='ocrx_word' id='word_1_29' title='bbox 1057 770 1321 829; x_wconf 71' lang='lat' dir='ltr'>Athenis</span> <span class='ocrx_word' id='word_1_30' title='bbox 1352 768 1596 848; x_wconf 81' lang='lat' dir='ltr'>quando</span> <span class='ocrx_word' id='word_1_31' title='bbox 1646 778 1740 829; x_wconf 72' lang='lat' dir='ltr'>est</span> <span class='ocrx_word' id='word_1_32' title='bbox 1795 772 1958 832; x_wconf 76' lang='lat' dir='ltr'>Oxo-</span> 
     </span>
     <span class='ocr_line' id='line_1_6' title="bbox 213 865 1958 945; baseline 0.001 -19"><span class='ocrx_word' id='word_1_33' title='bbox 213 867 328 926; x_wconf 79' lang='lat' dir='ltr'>nioe</span> <span class='ocrx_word' id='word_1_34' title='bbox 357 874 578 926; x_wconf 81' lang='lat' dir='ltr'>octava</span> <span class='ocrx_word' id='word_1_35' title='bbox 601 890 622 925; x_wconf 91' lang='lat'>.·</span> <span class='ocrx_word' id='word_1_36' title='bbox 655 867 828 944; x_wconf 88' lang='lat' dir='ltr'>cujus</span> <span class='ocrx_word' id='word_1_37' title='bbox 858 867 1065 945; x_wconf 83' lang='lat' dir='ltr'>praxis</span> <span class='ocrx_word' id='word_1_38' title='bbox 1098 865 1265 924; x_wconf 86' lang='lat' dir='ltr'>nulla</span> <span class='ocrx_word' id='word_1_39' title='bbox 1288 884 1420 923; x_wconf 86' lang='lat' dir='ltr'>esse</span> <span class='ocrx_word' id='word_1_40' title='bbox 1464 874 1688 942; x_wconf 89' lang='lat' dir='ltr'>potest,</span> <span class='ocrx_word' id='word_1_41' title='bbox 1718 866 1835 925; x_wconf 89' lang='lat' dir='ltr'>nisi</span> <span class='ocrx_word' id='word_1_42' title='bbox 1884 868 1958 928; x_wconf 92' lang='lat' dir='ltr'>iis</span> 
     </span>
     <span class='ocr_line' id='line_1_7' title="bbox 214 959 1958 1041; baseline 0.001 -21"><span class='ocrx_word' id='word_1_43' title='bbox 214 962 315 1041; x_wconf 90' lang='lat' dir='ltr'>qui</span> <span class='ocrx_word' id='word_1_44' title='bbox 348 962 550 1021; x_wconf 91' lang='lat' dir='ltr'>sciunt</span> <span class='ocrx_word' id='word_1_45' title='bbox 591 961 933 1021; x_wconf 84' lang='lat' dir='ltr'>doctrinam</span> <span class='ocrx_word' id='word_1_46' title='bbox 982 961 1255 1040; x_wconf 81' lang='lat' dir='ltr'>sphaerae,</span> <span class='ocrx_word' id='word_1_47' title='bbox 1287 968 1348 1019; x_wconf 90' lang='lat' dir='ltr'>et</span> <span class='ocrx_word' id='word_1_48' title='bbox 1391 959 1762 1018; x_wconf 87' lang='lat' dir='ltr'>circulorum</span> <span class='ocrx_word' id='word_1_49' title='bbox 1805 981 1958 1038; x_wconf 88' lang='lat' dir='ltr'>quos</span> 
     </span>
     <span class='ocr_line' id='line_1_8' title="bbox 169 1053 1960 1133; baseline -0.001 -16"><span class='ocrx_word' id='word_1_50' title='bbox 169 1114 171 1117; x_wconf 86' lang='grc'><em>,</em></span> <span class='ocrx_word' id='word_1_51' title='bbox 212 1059 275 1118; x_wconf 90' lang='lat' dir='ltr'>in</span> <span class='ocrx_word' id='word_1_52' title='bbox 305 1058 408 1117; x_wconf 90' lang='lat' dir='ltr'>illa</span> <span class='ocrx_word' id='word_1_53' title='bbox 434 1058 747 1116; x_wconf 86' lang='lat' dir='ltr'>finxerunt</span> <span class='ocrx_word' id='word_1_54' title='bbox 780 1057 1140 1116; x_wconf 81' lang='lat' dir='ltr'>astronomi.</span> <span class='ocrx_word' id='word_1_55' title='bbox 1230 1055 1282 1114; x_wconf 92' lang='lat' dir='ltr'>Ii</span> <span class='ocrx_word' id='word_1_56' title='bbox 1311 1074 1456 1113; x_wconf 90' lang='lat' dir='ltr'>vero</span> <span class='ocrx_word' id='word_1_57' title='bbox 1492 1053 1644 1112; x_wconf 89' lang='lat' dir='ltr'>nulli</span> <span class='ocrx_word' id='word_1_58' title='bbox 1668 1065 1830 1127; x_wconf 90' lang='lat' dir='ltr'>sunt,</span> <span class='ocrx_word' id='word_1_59' title='bbox 1856 1057 1960 1133; x_wconf 94' lang='lat' dir='ltr'>qui</span> 
     </span>
     <span class='ocr_line' id='line_1_9' title="bbox 212 1149 1957 1231; baseline -0.002 -19"><span class='ocrx_word' id='word_1_60' title='bbox 212 1173 336 1212; x_wconf 90' lang='lat' dir='ltr'>non</span> <span class='ocrx_word' id='word_1_61' title='bbox 367 1153 642 1231; x_wconf 82' lang='lat' dir='ltr'>regulam</span> <span class='ocrx_word' id='word_1_62' title='bbox 673 1152 830 1211; x_wconf 89' lang='lat' dir='ltr'>hanc</span> <span class='ocrx_word' id='word_1_63' title='bbox 861 1161 1006 1210; x_wconf 89' lang='lat' dir='ltr'>ante</span> <span class='ocrx_word' id='word_1_64' title='bbox 1039 1151 1409 1210; x_wconf 90' lang='lat' dir='ltr'>didicerunt.</span> <span class='ocrx_word' id='word_1_65' title='bbox 1469 1149 1614 1208; x_wconf 89' lang='lat' dir='ltr'>Non</span> <span class='ocrx_word' id='word_1_66' title='bbox 1646 1158 1778 1207; x_wconf 90' lang='lat' dir='ltr'>erat</span> <span class='ocrx_word' id='word_1_67' title='bbox 1809 1168 1957 1227; x_wconf 84' lang='lat' dir='ltr'>ergo</span> 
     </span>
     <span class='ocr_line' id='line_1_10' title="bbox 211 1243 1960 1325; baseline -0.001 -19"><span class='ocrx_word' id='word_1_68' title='bbox 211 1247 579 1307; x_wconf 82' lang='lat' dir='ltr'>arithmetici</span> <span class='ocrx_word' id='word_1_69' title='bbox 609 1246 725 1306; x_wconf 92' lang='lat' dir='ltr'>hoc</span> <span class='ocrx_word' id='word_1_70' title='bbox 758 1247 998 1319; x_wconf 91' lang='lat' dir='ltr'>docere,</span> <span class='ocrx_word' id='word_1_71' title='bbox 1031 1248 1203 1325; x_wconf 89' lang='lat' dir='ltr'>cujus</span> <span class='ocrx_word' id='word_1_72' title='bbox 1234 1255 1329 1304; x_wconf 92' lang='lat' dir='ltr'>est</span> <span class='ocrx_word' id='word_1_73' title='bbox 1355 1245 1559 1303; x_wconf 91' lang='lat' dir='ltr'>omnia</span> <span class='ocrx_word' id='word_1_74' title='bbox 1590 1243 1811 1303; x_wconf 88' lang='lat' dir='ltr'>docere</span> <span class='ocrx_word' id='word_1_75' title='bbox 1854 1246 1960 1304; x_wconf 92' lang='lat' dir='ltr'>ab-</span> 
     </span>
     <span class='ocr_line' id='line_1_11' title="bbox 211 1338 1958 1413; baseline -0.001 -13"><span class='ocrx_word' id='word_1_76' title='bbox 211 1351 437 1401; x_wconf 91' lang='lat' dir='ltr'>stracte</span> <span class='ocrx_word' id='word_1_77' title='bbox 495 1362 532 1401; x_wconf 92' lang='lat' dir='ltr'>a</span> <span class='ocrx_word' id='word_1_78' title='bbox 580 1342 762 1400; x_wconf 89' lang='lat' dir='ltr'>rebus</span> <span class='ocrx_word' id='word_1_79' title='bbox 814 1342 1169 1413; x_wconf 82' lang='lat' dir='ltr'>numeratiS,</span> <span class='ocrx_word' id='word_1_80' title='bbox 1222 1340 1287 1399; x_wconf 94' lang='lat' dir='ltr'>id</span> <span class='ocrx_word' id='word_1_81' title='bbox 1336 1350 1450 1407; x_wconf 81' lang='lat' dir='ltr'>est,</span> <span class='ocrx_word' id='word_1_82' title='bbox 1510 1338 1958 1399; x_wconf 87' lang='lat' dir='ltr'>universaliter.</span> 
     </span>
     <span class='ocr_line' id='line_1_12' title="bbox 211 1434 1958 1516; baseline -0.001 -21"><span class='ocrx_word' id='word_1_83' title='bbox 211 1435 464 1511; x_wconf 81' lang='lat' dir='ltr'>Deinde,</span> <span class='ocrx_word' id='word_1_84' title='bbox 498 1437 662 1516; x_wconf 92' lang='lat' dir='ltr'>quod</span> <span class='ocrx_word' id='word_1_85' title='bbox 691 1437 992 1496; x_wconf 90' lang='lat' dir='ltr'>monitum</span> <span class='ocrx_word' id='word_1_86' title='bbox 1033 1436 1327 1495; x_wconf 88' lang='lat' dir='ltr'>lectorem</span> <span class='ocrx_word' id='word_1_87' title='bbox 1357 1435 1572 1507; x_wconf 90' lang='lat' dir='ltr'>voluit,</span> <span class='ocrx_word' id='word_1_88' title='bbox 1605 1455 1682 1493; x_wconf 80' lang='lat' dir='ltr'>ne</span> <span class='ocrx_word' id='word_1_89' title='bbox 1711 1434 1958 1514; x_wconf 79' lang='lat' dir='ltr'>quando</span> 
     </span>
     <span class='ocr_line' id='line_1_13' title="bbox 186 1527 1962 1611; baseline -0.001 -22"><span class='ocrx_word' id='word_1_90' title='bbox 186 1530 429 1609; x_wconf 81' lang='lat' dir='ltr'>fraudi</span> <span class='ocrx_word' id='word_1_91' title='bbox 450 1531 554 1604; x_wconf 73' lang='lat' dir='ltr'>sit,</span> <span class='ocrx_word' id='word_1_92' title='bbox 588 1531 750 1610; x_wconf 82' lang='lat' dir='ltr'>quod</span> <span class='ocrx_word' id='word_1_93' title='bbox 773 1552 850 1590; x_wconf 80' lang='lat' dir='ltr'>ea</span> <span class='ocrx_word' id='word_1_94' title='bbox 882 1539 1173 1611; x_wconf 80' lang='lat' dir='ltr'>tanquam</span> <span class='ocrx_word' id='word_1_95' title='bbox 1208 1529 1722 1611; x_wconf 78' lang='lat' dir='ltr'>proportionalia</span> <span class='ocrx_word' id='word_1_96' title='bbox 1773 1527 1962 1588; x_wconf 73' lang='lat' dir='ltr'>liabe-</span> 
     </span>
     <span class='ocr_line' id='line_1_14' title="bbox 211 1624 1958 1706; baseline -0.001 -22"><span class='ocrx_word' id='word_1_97' title='bbox 211 1634 414 1699; x_wconf 78' lang='lat' dir='ltr'>antar,</span> <span class='ocrx_word' id='word_1_98' title='bbox 446 1647 583 1706; x_wconf 80' lang='lat' dir='ltr'>qaoe</span> <span class='ocrx_word' id='word_1_99' title='bbox 605 1624 1120 1706; x_wconf 76' lang='lat' dir='ltr'>proportionalia</span> <span class='ocrx_word' id='word_1_100' title='bbox 1150 1647 1266 1684; x_wconf 78' lang='lat' dir='ltr'>non</span> <span class='ocrx_word' id='word_1_101' title='bbox 1296 1634 1456 1697; x_wconf 73' lang='lat' dir='ltr'>sunt,</span> <span class='ocrx_word' id='word_1_102' title='bbox 1492 1624 1571 1683; x_wconf 92' lang='lat' dir='ltr'>ad</span> <span class='ocrx_word' id='word_1_103' title='bbox 1618 1625 1958 1684; x_wconf 90' lang='lat' dir='ltr'>arithmeti—</span> 
     </span>
     <span class='ocr_line' id='line_1_15' title="bbox 213 1720 1958 1800; baseline -0.001 -21"><span class='ocrx_word' id='word_1_104' title='bbox 213 1740 346 1779; x_wconf 91' lang='lat' dir='ltr'>cam</span> <span class='ocrx_word' id='word_1_105' title='bbox 375 1741 500 1780; x_wconf 90' lang='lat' dir='ltr'>non</span> <span class='ocrx_word' id='word_1_106' title='bbox 528 1721 814 1800; x_wconf 80' lang='lat' dir='ltr'>pertinet,</span> <span class='ocrx_word' id='word_1_107' title='bbox 840 1721 947 1780; x_wconf 91' lang='lat' dir='ltr'>sed</span> <span class='ocrx_word' id='word_1_108' title='bbox 977 1721 1055 1780; x_wconf 89' lang='lat' dir='ltr'>ad</span> <span class='ocrx_word' id='word_1_109' title='bbox 1100 1720 1571 1800; x_wconf 85' lang='lat' dir='ltr'>philosophiam,</span> <span class='ocrx_word' id='word_1_110' title='bbox 1603 1730 1673 1779; x_wconf 93' lang='lat' dir='ltr'>ut</span> <span class='ocrx_word' id='word_1_111' title='bbox 1722 1740 1797 1778; x_wconf 86' lang='lat' dir='ltr'>ex</span> <span class='ocrx_word' id='word_1_112' title='bbox 1849 1739 1958 1778; x_wconf 88' lang='lat' dir='ltr'>suo</span> 
     </span>
     <span class='ocr_line' id='line_1_16' title="bbox 211 1815 1959 1895; baseline 0.001 -21"><span class='ocrx_word' id='word_1_113' title='bbox 211 1816 401 1895; x_wconf 90' lang='lat' dir='ltr'>ipsius</span> <span class='ocrx_word' id='word_1_114' title='bbox 450 1815 726 1894; x_wconf 88' lang='lat' dir='ltr'>exemplo</span> <span class='ocrx_word' id='word_1_115' title='bbox 785 1826 878 1875; x_wconf 88' lang='lat' dir='ltr'>est</span> <span class='ocrx_word' id='word_1_116' title='bbox 938 1817 1353 1876; x_wconf 87' lang='lat' dir='ltr'>manifestum.</span> <span class='ocrx_word' id='word_1_117' title='bbox 1448 1815 1683 1889; x_wconf 71' lang='lat' dir='ltr'>Posito,</span> <span class='ocrx_word' id='word_1_118' title='bbox 1736 1815 1959 1895; x_wconf 91' lang='lat' dir='ltr'>inquit,</span> 
     </span>
     <span class='ocr_line' id='line_1_17' title="bbox 212 1910 1959 1992; baseline 0 -22"><span class='ocrx_word' id='word_1_119' title='bbox 212 1911 660 1992; x_wconf 67' lang='lat' dir='ltr'>qaodpondiw,</span> <span class='ocrx_word' id='word_1_120' title='bbox 689 1912 1011 1992; x_wconf 82' lang='lat' dir='ltr'>gravitate</span> <span class='ocrx_word' id='word_1_121' title='bbox 1039 1933 1155 1971; x_wconf 73' lang='lat' dir='ltr'>sua</span> <span class='ocrx_word' id='word_1_122' title='bbox 1194 1920 1433 1984; x_wconf 81' lang='lat' dir='ltr'>motum,</span> <span class='ocrx_word' id='word_1_123' title='bbox 1467 1910 1700 1970; x_wconf 72' lang='lat' dir='ltr'>duobus</span> <span class='ocrx_word' id='word_1_124' title='bbox 1731 1919 1959 1991; x_wconf 84' lang='lat' dir='ltr'>tempo-</span> 
     </span>
     <span class='ocr_line' id='line_1_18' title="bbox 211 2006 1958 2087; baseline 0 -21"><span class='ocrx_word' id='word_1_125' title='bbox 211 2006 303 2066; x_wconf 70' lang='lat' dir='ltr'>ris</span> <span class='ocrx_word' id='word_1_126' title='bbox 344 2006 658 2065; x_wconf 75' lang='lat' dir='ltr'>momentis</span> <span class='ocrx_word' id='word_1_127' title='bbox 691 2013 771 2066; x_wconf 84' lang='lat'>20</span> <span class='ocrx_word' id='word_1_128' title='bbox 791 2007 998 2087; x_wconf 73' lang='lat' dir='ltr'>pedes</span> <span class='ocrx_word' id='word_1_129' title='bbox 1046 2007 1416 2075; x_wconf 50' lang='lat' dir='ltr'>descendam</span> <span class='ocrx_word' id='word_1_130' title='bbox 1459 2014 1779 2087; x_wconf 79' lang='lat' dir='ltr'>qaoeratur</span> <span class='ocrx_word' id='word_1_131' title='bbox 1809 2015 1958 2087; x_wconf 82' lang='lat' dir='ltr'>quot</span> 
     </span>
     <span class='ocr_line' id='line_1_19' title="bbox 199 2100 1957 2181; baseline 0 -21"><span class='ocrx_word' id='word_1_132' title='bbox 199 2100 402 2181; x_wconf 77' lang='lat' dir='ltr'>pedes</span> <span class='ocrx_word' id='word_1_133' title='bbox 434 2101 866 2160; x_wconf 72' lang='lat' dir='ltr'>descensurum</span> <span class='ocrx_word' id='word_1_134' title='bbox 895 2101 980 2161; x_wconf 74' lang='lat' dir='ltr'>sit</span> <span class='ocrx_word' id='word_1_135' title='bbox 1003 2102 1312 2160; x_wconf 70' lang='lat' dir='ltr'>momentis</span> <span class='ocrx_word' id='word_1_136' title='bbox 1340 2107 1435 2162; x_wconf 91' lang='lat'>10.</span> <span class='ocrx_word' id='word_1_137' title='bbox 1514 2101 1588 2160; x_wconf 83' lang='lat' dir='ltr'>Si</span> <span class='ocrx_word' id='word_1_138' title='bbox 1596 2102 1729 2179; x_wconf 81' lang='lat' dir='ltr'>fiat</span> <span class='ocrx_word' id='word_1_139' title='bbox 1750 2101 1957 2161; x_wconf 79' lang='lat' dir='ltr'>multi-</span> 
     </span>
     <span class='ocr_line' id='line_1_20' title="bbox 198 2195 1955 2277; baseline 0 -23"><span class='ocrx_word' id='word_1_140' title='bbox 198 2195 471 2276; x_wconf 78' lang='lat' dir='ltr'>plicatio</span> <span class='ocrx_word' id='word_1_141' title='bbox 494 2196 726 2255; x_wconf 78' lang='lat' dir='ltr'>mtmeri</span> <span class='ocrx_word' id='word_1_142' title='bbox 773 2196 948 2255; x_wconf 81' lang='lat' dir='ltr'>tertii</span> <span class='ocrx_word' id='word_1_143' title='bbox 983 2217 1108 2277; x_wconf 85' lang='lat' dir='ltr'>per</span> <span class='ocrx_word' id='word_1_144' title='bbox 1139 2197 1484 2269; x_wconf 75' lang='lat' dir='ltr'>secundum,</span> <span class='ocrx_word' id='word_1_145' title='bbox 1518 2204 1700 2275; x_wconf 81' lang='lat' dir='ltr'>atque</span> <span class='ocrx_word' id='word_1_146' title='bbox 1731 2196 1955 2255; x_wconf 78' lang='lat' dir='ltr'>divisio</span> 
     </span>
     <span class='ocr_line' id='line_1_21' title="bbox 199 2290 1957 2371; baseline 0.001 -22"><span class='ocrx_word' id='word_1_147' title='bbox 199 2290 498 2370; x_wconf 78' lang='lat' dir='ltr'>producti</span> <span class='ocrx_word' id='word_1_148' title='bbox 505 2311 627 2370; x_wconf 83' lang='lat' dir='ltr'>per</span> <span class='ocrx_word' id='word_1_149' title='bbox 634 2291 929 2371; x_wconf 82' lang='lat' dir='ltr'>primum,</span> <span class='ocrx_word' id='word_1_150' title='bbox 941 2291 1226 2371; x_wconf 82' lang='lat' dir='ltr'>prodibit</span> <span class='ocrx_word' id='word_1_151' title='bbox 1247 2300 1520 2371; x_wconf 54' lang='lat' dir='ltr'>quartae,</span> <span class='ocrx_word' id='word_1_152' title='bbox 1555 2298 1692 2352; x_wconf 90' lang='grc'><strong>100.</strong></span> <span class='ocrx_word' id='word_1_153' title='bbox 1741 2291 1831 2351; x_wconf 86' lang='lat' dir='ltr'>At</span> <span class='ocrx_word' id='word_1_154' title='bbox 1851 2290 1957 2350; x_wconf 82' lang='lat' dir='ltr'>ille</span> 
     </span>
     <span class='ocr_line' id='line_1_22' title="bbox 210 2386 1297 2466; baseline 0.001 -22"><span class='ocrx_word' id='word_1_155' title='bbox 210 2406 492 2445; x_wconf 70' lang='lat' dir='ltr'>numeras</span> <span class='ocrx_word' id='word_1_156' title='bbox 515 2386 775 2466; x_wconf 67' lang='lat' dir='ltr'>quaesito</span> <span class='ocrx_word' id='word_1_157' title='bbox 805 2407 923 2446; x_wconf 81' lang='lat' dir='ltr'>non</span> <span class='ocrx_word' id='word_1_158' title='bbox 953 2386 1297 2465; x_wconf 67' lang='lat' dir='ltr'>satisfacit.</span> 
     </span>
    </p>

    <p class='ocr_par' dir='ltr' id='par_1_3' title="bbox 213 2479 1956 2654">
     <span class='ocr_line' id='line_1_23' title="bbox 297 2479 1956 2560; baseline 0.001 -21"><span class='ocrx_word' id='word_1_159' title='bbox 297 2479 376 2539; x_wconf 86' lang='lat' dir='ltr'>B.</span> <span class='ocrx_word' id='word_1_160' title='bbox 423 2480 645 2540; x_wconf 89' lang='lat' dir='ltr'>Nonne</span> <span class='ocrx_word' id='word_1_161' title='bbox 676 2501 822 2560; x_wconf 81' lang='lat' dir='ltr'>ergo</span> <span class='ocrx_word' id='word_1_162' title='bbox 864 2481 1116 2560; x_wconf 80' lang='lat' dir='ltr'>Regulae</span> <span class='ocrx_word' id='word_1_163' title='bbox 1147 2482 1370 2542; x_wconf 86' lang='lat' dir='ltr'>Aureae</span> <span class='ocrx_word' id='word_1_164' title='bbox 1403 2481 1701 2555; x_wconf 90' lang='lat' dir='ltr'>definitio,</span> <span class='ocrx_word' id='word_1_165' title='bbox 1727 2480 1956 2541; x_wconf 89' lang='lat' dir='ltr'>tradita</span> 
     </span>
     <span class='ocr_line' id='line_1_24' title="bbox 213 2574 1220 2654; baseline 0.002 -20"><span class='ocrx_word' id='word_1_166' title='bbox 213 2574 387 2635; x_wconf 87' lang='lat' dir='ltr'>initio</span> <span class='ocrx_word' id='word_1_167' title='bbox 409 2575 590 2654; x_wconf 89' lang='lat' dir='ltr'>hujus</span> <span class='ocrx_word' id='word_1_168' title='bbox 623 2576 873 2654; x_wconf 82' lang='lat' dir='ltr'>Capitis,</span> <span class='ocrx_word' id='word_1_169' title='bbox 905 2577 1057 2636; x_wconf 89' lang='lat' dir='ltr'>falsa</span> <span class='ocrx_word' id='word_1_170' title='bbox 1087 2576 1220 2636; x_wconf 86' lang='lat' dir='ltr'>est?</span> 
     </span>
    </p>

    <p class='ocr_par' dir='ltr' id='par_1_4' title="bbox 217 2669 1962 3696">
     <span class='ocr_line' id='line_1_25' title="bbox 299 2669 1954 2750; baseline 0.001 -22"><span class='ocrx_word' id='word_1_171' title='bbox 299 2669 380 2729; x_wconf 88' lang='lat' dir='ltr'>A.</span> <span class='ocrx_word' id='word_1_172' title='bbox 425 2670 702 2731; x_wconf 90' lang='lat' dir='ltr'>Minime.</span> <span class='ocrx_word' id='word_1_173' title='bbox 764 2671 886 2731; x_wconf 84' lang='lat' dir='ltr'>Sed</span> <span class='ocrx_word' id='word_1_174' title='bbox 915 2692 1206 2731; x_wconf 90' lang='lat' dir='ltr'>numerus</span> <span class='ocrx_word' id='word_1_175' title='bbox 1237 2672 1341 2750; x_wconf 91' lang='lat' dir='ltr'>qui</span> <span class='ocrx_word' id='word_1_176' title='bbox 1370 2672 1434 2730; x_wconf 91' lang='lat' dir='ltr'>in</span> <span class='ocrx_word' id='word_1_177' title='bbox 1464 2692 1589 2731; x_wconf 91' lang='lat' dir='ltr'>una</span> <span class='ocrx_word' id='word_1_178' title='bbox 1619 2671 1954 2750; x_wconf 82' lang='lat' dir='ltr'>quaestione</span> 
     </span>
     <span class='ocr_line' id='line_1_26' title="bbox 217 2764 1954 2839; baseline 0.002 -17"><span class='ocrx_word' id='word_1_179' title='bbox 217 2764 516 2824; x_wconf 89' lang='lat' dir='ltr'>secundus</span> <span class='ocrx_word' id='word_1_180' title='bbox 556 2774 668 2839; x_wconf 89' lang='lat' dir='ltr'>est,</span> <span class='ocrx_word' id='word_1_181' title='bbox 720 2766 784 2825; x_wconf 90' lang='lat' dir='ltr'>in</span> <span class='ocrx_word' id='word_1_182' title='bbox 836 2767 955 2825; x_wconf 92' lang='lat' dir='ltr'>alia</span> <span class='ocrx_word' id='word_1_183' title='bbox 1002 2767 1185 2825; x_wconf 89' lang='lat' dir='ltr'>debet</span> <span class='ocrx_word' id='word_1_184' title='bbox 1232 2767 1490 2826; x_wconf 88' lang='lat' dir='ltr'>fortasse</span> <span class='ocrx_word' id='word_1_185' title='bbox 1544 2787 1674 2826; x_wconf 89' lang='lat' dir='ltr'>esse</span> <span class='ocrx_word' id='word_1_186' title='bbox 1714 2766 1954 2826; x_wconf 84' lang='lat' dir='ltr'>tertiuS.</span> 
     </span>
     <span class='ocr_line' id='line_1_27' title="bbox 218 2857 1953 2940; baseline 0.003 -25"><span class='ocrx_word' id='word_1_187' title='bbox 218 2857 537 2932; x_wconf 82' lang='lat' dir='ltr'>Praeterea,</span> <span class='ocrx_word' id='word_1_188' title='bbox 559 2861 851 2938; x_wconf 82' lang='lat' dir='ltr'>quaeritur</span> <span class='ocrx_word' id='word_1_189' title='bbox 881 2861 1231 2940; x_wconf 84' lang='lat' dir='ltr'>aliquandO,</span> <span class='ocrx_word' id='word_1_190' title='bbox 1254 2861 1413 2920; x_wconf 90' lang='lat' dir='ltr'>datis</span> <span class='ocrx_word' id='word_1_191' title='bbox 1438 2862 1633 2921; x_wconf 91' lang='lat' dir='ltr'>tribus</span> <span class='ocrx_word' id='word_1_192' title='bbox 1663 2861 1953 2935; x_wconf 84' lang='lat' dir='ltr'>numeriS,</span> 
     </span>
     <span class='ocr_line' id='line_1_28' title="bbox 220 2947 1957 3036; baseline 0.001 -24"><span class='ocrx_word' id='word_1_193' title='bbox 220 2953 354 3032; x_wconf 86' lang='lat' dir='ltr'>quis</span> <span class='ocrx_word' id='word_1_194' title='bbox 386 2955 465 3014; x_wconf 88' lang='lat' dir='ltr'>sit</span> <span class='ocrx_word' id='word_1_195' title='bbox 493 2947 572 3015; x_wconf 87' lang='lat' dir='ltr'>ad</span> <span class='ocrx_word' id='word_1_196' title='bbox 600 2957 850 3016; x_wconf 88' lang='lat' dir='ltr'>tertium</span> <span class='ocrx_word' id='word_1_197' title='bbox 880 2958 945 3016; x_wconf 89' lang='lat' dir='ltr'>in</span> <span class='ocrx_word' id='word_1_198' title='bbox 974 2958 1215 3017; x_wconf 88' lang='lat' dir='ltr'>ratione</span> <span class='ocrx_word' id='word_1_199' title='bbox 1263 2958 1446 3036; x_wconf 88' lang='lat' dir='ltr'>primi</span> <span class='ocrx_word' id='word_1_200' title='bbox 1493 2957 1568 3016; x_wconf 90' lang='lat' dir='ltr'>ad</span> <span class='ocrx_word' id='word_1_201' title='bbox 1619 2955 1957 3015; x_wconf 89' lang='lat' dir='ltr'>secundum</span> 
     </span>
     <span class='ocr_line' id='line_1_29' title="bbox 219 3047 1958 3131; baseline 0.002 -25"><span class='ocrx_word' id='word_1_202' title='bbox 219 3047 526 3126; x_wconf 88' lang='lat' dir='ltr'>duplicata</span> <span class='ocrx_word' id='word_1_203' title='bbox 553 3051 648 3109; x_wconf 89' lang='lat' dir='ltr'>vel</span> <span class='ocrx_word' id='word_1_204' title='bbox 673 3052 999 3130; x_wconf 88' lang='lat' dir='ltr'>triplicata,</span> <span class='ocrx_word' id='word_1_205' title='bbox 1024 3072 1136 3131; x_wconf 92' lang='lat' dir='ltr'>pro</span> <span class='ocrx_word' id='word_1_206' title='bbox 1167 3053 1407 3111; x_wconf 88' lang='lat' dir='ltr'>ratione</span> <span class='ocrx_word' id='word_1_207' title='bbox 1437 3073 1644 3111; x_wconf 89' lang='lat' dir='ltr'>rerum</span> <span class='ocrx_word' id='word_1_208' title='bbox 1674 3071 1958 3110; x_wconf 90' lang='lat' dir='ltr'>numera-</span> 
     </span>
     <span class='ocr_line' id='line_1_30' title="bbox 218 3144 1959 3224; baseline 0.002 -25"><span class='ocrx_word' id='word_1_209' title='bbox 218 3151 457 3211; x_wconf 82' lang='lat' dir='ltr'>tarum3</span> <span class='ocrx_word' id='word_1_210' title='bbox 500 3153 570 3203; x_wconf 94' lang='lat' dir='ltr'>ut</span> <span class='ocrx_word' id='word_1_211' title='bbox 598 3144 659 3203; x_wconf 90' lang='lat' dir='ltr'>in</span> <span class='ocrx_word' id='word_1_212' title='bbox 708 3145 824 3205; x_wconf 93' lang='lat' dir='ltr'>hac</span> <span class='ocrx_word' id='word_1_213' title='bbox 863 3147 995 3224; x_wconf 85' lang='lat' dir='ltr'>ipsa</span> <span class='ocrx_word' id='word_1_214' title='bbox 1026 3147 1382 3224; x_wconf 82' lang='lat' dir='ltr'>quaestione,</span> <span class='ocrx_word' id='word_1_215' title='bbox 1421 3147 1528 3205; x_wconf 90' lang='lat' dir='ltr'>ubi</span> <span class='ocrx_word' id='word_1_216' title='bbox 1569 3147 1780 3224; x_wconf 82' lang='lat' dir='ltr'>gravia</span> <span class='ocrx_word' id='word_1_217' title='bbox 1830 3163 1959 3203; x_wconf 91' lang='lat' dir='ltr'>non</span> 
     </span>
     <span class='ocr_line' id='line_1_31' title="bbox 219 3238 1958 3317; baseline 0.002 -24"><span class='ocrx_word' id='word_1_218' title='bbox 219 3246 582 3314; x_wconf 91' lang='lat' dir='ltr'>percurrunt</span> <span class='ocrx_word' id='word_1_219' title='bbox 613 3240 807 3317; x_wconf 90' lang='lat' dir='ltr'>spatia</span> <span class='ocrx_word' id='word_1_220' title='bbox 834 3240 898 3299; x_wconf 91' lang='lat' dir='ltr'>in</span> <span class='ocrx_word' id='word_1_221' title='bbox 939 3241 1152 3299; x_wconf 90' lang='lat' dir='ltr'>eadem</span> <span class='ocrx_word' id='word_1_222' title='bbox 1198 3242 1455 3314; x_wconf 90' lang='lat' dir='ltr'>ratione,</span> <span class='ocrx_word' id='word_1_223' title='bbox 1490 3241 1596 3300; x_wconf 91' lang='lat' dir='ltr'>sed</span> <span class='ocrx_word' id='word_1_224' title='bbox 1646 3241 1709 3299; x_wconf 92' lang='lat' dir='ltr'>in</span> <span class='ocrx_word' id='word_1_225' title='bbox 1759 3238 1958 3317; x_wconf 92' lang='lat' dir='ltr'>dupli-</span> 
     </span>
     <span class='ocr_line' id='line_1_32' title="bbox 221 3334 1961 3413; baseline 0.002 -26"><span class='ocrx_word' id='word_1_226' title='bbox 221 3340 360 3388; x_wconf 86' lang='lat' dir='ltr'>cata</span> <span class='ocrx_word' id='word_1_227' title='bbox 388 3344 836 3391; x_wconf 88' lang='lat' dir='ltr'>momentorum</span> <span class='ocrx_word' id='word_1_228' title='bbox 883 3335 1213 3413; x_wconf 90' lang='lat' dir='ltr'>temporis;</span> <span class='ocrx_word' id='word_1_229' title='bbox 1259 3344 1330 3394; x_wconf 87' lang='lat' dir='ltr'>ut</span> <span class='ocrx_word' id='word_1_230' title='bbox 1359 3356 1393 3393; x_wconf 92' lang='lat' dir='ltr'>a</span> <span class='ocrx_word' id='word_1_231' title='bbox 1425 3335 1658 3395; x_wconf 86' lang='lat' dir='ltr'>Galileo</span> <span class='ocrx_word' id='word_1_232' title='bbox 1713 3334 1961 3393; x_wconf 88' lang='lat' dir='ltr'>demon-</span> 
     </span>
     <span class='ocr_line' id='line_1_33' title="bbox 220 3425 1960 3508; baseline 0.002 -27"><span class='ocrx_word' id='word_1_233' title='bbox 220 3433 479 3482; x_wconf 89' lang='lat' dir='ltr'>stratum</span> <span class='ocrx_word' id='word_1_234' title='bbox 505 3435 598 3483; x_wconf 85' lang='lat' dir='ltr'>est</span> <span class='ocrx_word' id='word_1_235' title='bbox 621 3425 682 3483; x_wconf 89' lang='lat' dir='ltr'>in</span> <span class='ocrx_word' id='word_1_236' title='bbox 715 3426 987 3506; x_wconf 84' lang='lat' dir='ltr'>Dialogis</span> <span class='ocrx_word' id='word_1_237' title='bbox 1011 3429 1086 3488; x_wconf 91' lang='lat' dir='ltr'>de</span> <span class='ocrx_word' id='word_1_238' title='bbox 1111 3430 1293 3488; x_wconf 87' lang='lat' dir='ltr'>Motu</span> <span class='ocrx_word' id='word_1_239' title='bbox 1314 3457 1328 3499; x_wconf 91' lang='lat'>;</span> <span class='ocrx_word' id='word_1_240' title='bbox 1378 3430 1441 3488; x_wconf 93' lang='lat' dir='ltr'>id</span> <span class='ocrx_word' id='word_1_241' title='bbox 1463 3429 1628 3508; x_wconf 92' lang='lat' dir='ltr'>quod</span> <span class='ocrx_word' id='word_1_242' title='bbox 1650 3428 1960 3488; x_wconf 86' lang='lat' dir='ltr'>Wallisius</span> 
     </span>
     <span class='ocr_line' id='line_1_34' title="bbox 222 3517 1962 3602; baseline 0.002 -26"><span class='ocrx_word' id='word_1_243' title='bbox 222 3518 463 3576; x_wconf 89' lang='lat' dir='ltr'>nesciit.</span> <span class='ocrx_word' id='word_1_244' title='bbox 520 3517 659 3578; x_wconf 75' lang='lat' dir='ltr'>Qua</span> <span class='ocrx_word' id='word_1_245' title='bbox 688 3520 924 3579; x_wconf 87' lang='lat' dir='ltr'>ratione</span> <span class='ocrx_word' id='word_1_246' title='bbox 944 3522 1326 3583; x_wconf 87' lang='lat' dir='ltr'>descendunt</span> <span class='ocrx_word' id='word_1_247' title='bbox 1347 3525 1578 3602; x_wconf 81' lang='lat' dir='ltr'>gravia,</span> <span class='ocrx_word' id='word_1_248' title='bbox 1603 3524 1699 3581; x_wconf 88' lang='lat' dir='ltr'>vel</span> <span class='ocrx_word' id='word_1_249' title='bbox 1723 3521 1911 3581; x_wconf 87' lang='lat' dir='ltr'>fluida</span> <span class='ocrx_word' id='word_1_250' title='bbox 1929 3540 1962 3579; x_wconf 91' lang='lat' dir='ltr'>e</span> 
     </span>
     <span class='ocr_line' id='line_1_35' title="bbox 219 3612 1962 3696; baseline 0.002 -25"><span class='ocrx_word' id='word_1_251' title='bbox 219 3632 359 3672; x_wconf 87' lang='lat' dir='ltr'>vase</span> <span class='ocrx_word' id='word_1_252' title='bbox 380 3612 655 3686; x_wconf 87' lang='lat' dir='ltr'>effluunt,</span> <span class='ocrx_word' id='word_1_253' title='bbox 677 3633 799 3674; x_wconf 91' lang='lat' dir='ltr'>non</span> <span class='ocrx_word' id='word_1_254' title='bbox 821 3624 912 3675; x_wconf 87' lang='lat' dir='ltr'>est</span> <span class='ocrx_word' id='word_1_255' title='bbox 931 3617 1298 3677; x_wconf 86' lang='lat' dir='ltr'>arithmetici</span> <span class='ocrx_word' id='word_1_256' title='bbox 1323 3618 1562 3689; x_wconf 88' lang='lat' dir='ltr'>docere,</span> <span class='ocrx_word' id='word_1_257' title='bbox 1583 3617 1690 3677; x_wconf 91' lang='lat' dir='ltr'>sed</span> <span class='ocrx_word' id='word_1_258' title='bbox 1707 3614 1962 3696; x_wconf 88' lang='lat' dir='ltr'>physici.</span> 
     </span>
    </p>
   </div>
  </div>
 </body>
</html>
