2462 4120
559 360 1086 404 MATHEMATICAE
1123 359 1530 403 HomERNAE.
1844 347 1924 400 43

186 512 421 574 contra,
453 519 698 559 causam
731 499 923 579 quaeri
953 519 1064 578 per
1093 500 1374 577 cognitos
1406 501 1696 567 effectus3
1741 508 1926 577 atque
1983 518 2237 553 mALocus

183 598 247 658 id
276 616 399 656 non
422 614 599 674 posse
628 603 914 654 accurate
942 593 1097 664 fieri,
1139 602 1469 672 propterea
1509 593 1673 671 quod
1702 593 1928 653 similes
2099 587 2133 619 ¹·
2227 643 2235 654 .

185 693 438 752 effectus
468 709 593 749 non
634 709 874 769 semper
914 697 976 749 et
1004 687 1351 748 necessario
1395 687 1621 747 similes
1659 688 1931 747 habeant

183 805 394 847 causas
421 809 435 844 z
487 786 566 844 ob
619 805 756 845 eam
805 805 937 843 rem
974 783 1293 865 potiorem
1345 781 1930 842 demonstrationem

185 902 320 943 eam
343 881 605 954 duxisse,
632 901 753 960 qua
775 880 1029 940 effectus
1051 898 1162 957 per
1185 897 1433 937 causam
1454 876 1931 947 demonstratur,

186 997 323 1056 quae
353 983 445 1035 est
471 986 553 1035 τοῦ
577 984 705 1042 διότι,
746 995 929 1054 quam
959 994 1032 1034 ea
1061 993 1199 1052 quae
1239 992 1485 1032 causam
1516 971 1828 1030 concludit
1858 991 1933 1031 ex

186 1072 429 1142 effectu,
455 1090 760 1149 quamque
782 1079 1110 1150 propterea
1133 1066 1465 1147 appellavit
1494 1076 1578 1123 τοῦ
1603 1076 1685 1124 ὅτι.
1777 1065 1931 1125 Quae

185 1176 396 1226 tamen
447 1164 786 1225 scientifica
843 1185 967 1224 non
1020 1174 1133 1237 est,
1195 1173 1255 1222 et
1312 1160 1572 1241 proinde
1622 1180 1739 1219 nec
1788 1180 1934 1219 vera

187 1261 654 1322 demonstratio,
742 1261 885 1321 Non
927 1259 1091 1319 enim
1124 1258 1342 1337 incipit
1383 1278 1420 1316 a
1452 1254 1931 1328 definitionibus,

186 1357 295 1417 sed
318 1356 394 1416 ab
413 1355 878 1435 hypothesibus,
900 1374 1038 1434 quae
1060 1353 1228 1412 falsae
1252 1371 1380 1411 esse
1399 1359 1659 1431 possunt
1680 1375 1695 1419 ;
1743 1370 1934 1428 quan-

190 1471 393 1531 quam,
435 1450 487 1510 si
516 1450 684 1511 nulla
714 1450 1152 1529 experimenta,
1193 1447 1380 1507 etiam
1411 1455 1550 1526 post
1581 1444 1936 1524 longissima

189 1557 485 1625 tempora,
530 1566 632 1605 eas
684 1545 1081 1624 redarguant,
1128 1543 1274 1603 satis
1322 1551 1502 1610 erunt
1545 1539 1933 1621 probabiles3

192 1640 301 1701 sed
329 1641 710 1701 theoremata
748 1640 892 1700 inde
923 1638 1187 1699 deducta
1230 1659 1356 1698 non
1385 1645 1645 1716 possunt
1681 1636 1802 1696 dici
1832 1636 1936 1694 de-

191 1745 553 1796 monstrata.
645 1737 898 1796 Frustra
928 1755 1074 1814 ergo
1099 1734 1322 1814 quaerit
1343 1733 1654 1792 Wallisius
1685 1731 1937 1790 demon-

193 1830 556 1891 strationem
604 1846 682 1891 τοῦ
727 1842 796 1890 ὅτι
845 1831 1008 1890 inter
1059 1828 1611 1888 demonstrationes
1645 1825 1936 1886 Euclidis.

195 1926 318 1987 Sed
344 1925 719 2006 perga—Si
749 1925 883 2005 quis
923 1925 1179 2004 denique
1222 1922 1500 2002 objiciat,
1548 1942 1639 1981 me
1671 1929 1803 1981 tres
1836 1921 1939 1980 de-

194 2021 656 2081 monstrationis
686 2020 1205 2102 speeiesfeeisse,
1255 2039 1385 2078 eum
1416 2016 1602 2098 vulgo
1635 2016 1770 2076 duce
1800 2024 1939 2075 tan-

197 2126 322 2177 tum
378 2124 758 2188 statuantur,
798 2115 1041 2196 poterit
1093 2114 1223 2187 ille,
1283 2113 1340 2172 si
1372 2111 1614 2194 placet,
1675 2111 1939 2170 duarum

189 2211 475 2294 priorum
513 2219 834 2290 utramque
872 2208 1450 2269 demonstrationem
1484 2217 1564 2265 τοῦ
1597 2217 1664 2265 ὅτι
1708 2206 1936 2266 dicere.

197 2305 342 2366 Non
397 2305 553 2366 enim
611 2305 760 2365 libet
817 2305 894 2365 de
943 2304 1148 2365 verbis
1194 2303 1578 2375 contendere,
1631 2301 1808 2361 modo
1861 2301 1939 2360 de

196 2400 378 2460 rebus
409 2401 1024 2479 constet-Benigne
1054 2419 1218 2473 sane,
1265 2398 1371 2478 qui
1413 2397 1561 2477 quid
1595 2417 1808 2456 verum
1839 2396 1937 2467 sit,

199 2495 342 2575 quia
370 2496 446 2556 de
475 2517 542 2556 re
570 2516 695 2556 non
726 2505 987 2570 constat,
1032 2505 1404 2575 potestatem
1442 2494 1618 2555 nobis
1657 2493 1940 2553 concedit

198 2591 480 2670 eligendi.

284 2687 365 2747 B.
409 2687 584 2766 Eligo
614 2687 801 2766 igitur
830 2688 984 2756 hoc;
1029 2709 1221 2748 unum
1244 2708 1374 2748 esse
1404 2686 1940 2748 demonstrationis

199 2801 392 2861 genus
419 2802 640 2861 nempe
668 2797 745 2841 τοῦ
768 2792 893 2852 διότι,
925 2783 1050 2842 sive
1081 2782 1393 2843 conclusio
1426 2782 1657 2842 directe
1689 2780 1939 2840 demon-

203 2886 450 2950 stretur,
481 2877 607 2937 sive
635 2897 746 2956 per
776 2876 1210 2937 deductionem
1240 2876 1320 2937 ad
1349 2876 1700 2937 absurdum.

291 2971 370 3031 A.
415 2973 488 3032 In
521 2972 738 3051 Capite
770 2981 988 3051 quarto
1019 2973 1148 3052 agit
1178 2973 1254 3032 de
1282 2973 1539 3046 unitate,
1570 2990 1848 3043 numerO,
1880 2980 1943 3029 et

204 3067 443 3126 numeri
507 3067 1156 3146 principi0.-—-Unitas
1223 3075 1319 3127 est
1380 3067 1707 3126 seeundum
1768 3085 1941 3145 quam

204 3161 651 3241 unumquodque
689 3184 868 3222 unum
913 3162 1166 3223 dieitur.
1253 3163 1562 3223 Numerus
1604 3170 1803 3221 autem
1848 3167 1942 3220 est

203 3275 284 3314 ex
339 3254 679 3315 unitatibus
735 3258 1075 3338 composita
1124 3257 1806 3318 multituda—Scilicet
1856 3255 1943 3314 ita

205 3347 419 3407 definit
448 3348 735 3409 unitatem
765 3360 827 3411 et
854 3373 1164 3412 numerum
1194 3352 1499 3412 EuclideS.

291 3441 373 3501 B.
419 3442 518 3502 An
548 3454 672 3503 non
700 3456 868 3506 recte
894 3446 914 3506 ἓ

292 3535 373 3594 A.
419 3535 758 3597 Numerum
787 3541 1034 3618 quidem
1064 3551 1371 3614 accurate,
1406 3540 1707 3600 unitatem
1736 3547 1940 3597 autem

206 3629 507 3708 imperite.
595 3630 757 3691 Nam
785 3644 1038 3713 propter
1060 3635 1490 3713 cognationem
1513 3653 1734 3693 vocum
1763 3648 1939 3689 unum
