2462 4120
538 361 616 413 48
898 372 1342 417 ΕΧΑΜΙΝΑΤῙΟ
1379 375 1460 416 ΕΤ
1493 375 1905 417 EMENDA'rIo

219 532 468 564 DIALOGUS
538 518 722 582 certe,
770 530 911 570 cum
959 531 1083 572 non
1126 513 1323 572 solum
1374 515 1450 574 ab
1494 515 1766 588 Euclide,
1817 515 1925 575 sed
1966 515 2150 574 etiam
2187 513 2265 574 ab

334 599 367 631 ¹·
537 604 819 663 omnibus
850 615 982 665 tum
1010 609 1315 668 veteribus
1343 616 1476 668 tum
1505 610 1947 669 recentioribus
1988 609 2172 668 sciret
2201 627 2266 667 se

538 697 880 773 dissentire,
928 720 1198 761 errorem
1242 703 1307 761 in
1352 703 1549 781 seipso
1593 723 1722 762 esse
1768 723 1893 763 non
1932 703 2013 763 sit
2051 701 2266 762 saltem

536 792 894 871 suspicatuS,
942 794 1050 855 sed
1095 815 1307 855 eorum
1364 796 1626 856 inventis
1684 797 1802 856 hoc
1846 796 2152 857 addidisse
2202 815 2265 855 se

536 886 1006 958 existimaverit3
1053 889 1169 949 nisi
1204 890 1423 949 scirem
1458 892 1629 968 cujus
1659 900 1821 950 esset
1852 899 2052 951 sectae.
2141 890 2266 951 Qui

533 981 809 1060 proxime
861 993 1215 1062 sequuntur,
1275 983 1517 1043 circiter
1564 984 1784 1062 viginti
1834 1004 2063 1058 νει-8115,
2122 991 2266 1044 sunt

533 1076 736 1155 gravis
788 1086 851 1136 et
901 1078 1121 1137 acerba
1176 1078 1568 1155 reprehensio
1621 1078 1984 1138 temeritatis
2031 1097 2262 1149 eorum,

534 1170 638 1249 qui
673 1170 724 1230 si
762 1171 856 1230 vel
890 1171 1195 1230 tantillum
1236 1171 1454 1243 sciunt,
1497 1170 1754 1229 aliorum
1794 1171 2064 1231 omnium
2101 1172 2263 1250 peri-

532 1264 682 1324 tiam
710 1265 806 1323 vel
834 1264 1013 1324 flocci
1040 1264 1274 1323 faciunt
1295 1263 1392 1322 vel
1422 1263 1811 1342 superciliose
1841 1273 2260 1325 contemnunt.

536 1357 722 1437 Cujus
767 1358 1254 1437 reprehensionis
1295 1358 1534 1436 justitia
1575 1357 1663 1417 ita
1699 1358 2021 1418 manifesta
2049 1369 2160 1431 est,
2194 1368 2265 1419 ut

532 1452 685 1512 nihil
737 1454 899 1512 circa
955 1472 1088 1512 eam
1139 1452 1607 1512 examinandum
1654 1453 1750 1526 sit,
1801 1452 1919 1512 nisi
1964 1452 2044 1512 ad
2083 1472 2264 1533 quem

531 1547 915 1625 potissimum
945 1546 1362 1606 collimaverit.

618 1640 699 1701 B.
744 1640 1002 1700 Videtur
1045 1641 1165 1700 hoc
1210 1640 1347 1700 loco
1388 1660 1491 1700 eos
1528 1641 1856 1720 scriptores
1886 1661 2096 1701 omnes
2125 1660 2263 1720 per-

532 1734 850 1813 stringere,
882 1736 985 1814 qui
1013 1754 1138 1794 non
1168 1733 1381 1794 eadem
1422 1735 1484 1794 in
1515 1735 1962 1795 mathematicis
1991 1736 2264 1796 sentiunt

530 1848 665 1907 quae
695 1828 841 1907 ipse.

615 1922 695 1982 A.
741 1922 976 1982 Deinde
1022 1922 1101 1982 ad
1146 1922 1498 1982 institutum
1540 1922 1781 1982 rediens
1822 1923 1908 1982 sic
1949 1923 2263 1983 scribit.—

536 2016 718 2085 Quod
741 2017 832 2076 ad
848 2036 976 2075 rem
993 2024 1365 2096 prasentem
1390 2016 1633 2089 attinet,
1657 2037 1891 2089 asserO,
1914 2025 1976 2076 et
1996 2024 2263 2076 veterum

530 2110 892 2170 sententiam
909 2109 1106 2192 probe
1128 2109 1527 2180 intellectam,
1547 2118 1608 2170 et
1629 2132 1762 2191 qace
1779 2130 1889 2171 nos
1908 2109 2262 2182 asserimnS,

531 2203 694 2262 satis
752 2211 1040 2263 constare
1087 2223 1296 2283 posse.
1384 2203 1543 2284 Ipsa
1594 2203 1752 2263 enim
1788 2203 2101 2284 principii
2147 2223 2264 2263 voa:

534 2295 769 2375 duplici
797 2296 1020 2357 saltem
1049 2297 1477 2377 acceptatione
1511 2297 1802 2370 occurrit,
1830 2305 2025 2377 prout
2052 2317 2265 2378 nempe

531 2389 853 2470 significat
881 2391 1146 2470 primum
1169 2390 1331 2469 quod
1360 2390 1466 2463 sie,
1498 2390 1596 2450 vel
1621 2391 1906 2450 ultimum
1931 2392 2096 2471 quod
2115 2413 2261 2453 non.

532 2483 640 2543 Sic
683 2485 741 2544 si
787 2485 1059 2545 lzoeredis
1090 2486 1204 2564 jus
1246 2484 1308 2543 in
1346 2503 1474 2543 rem
1516 2484 1983 2546 haereditariam
2017 2485 2096 2546 ab
2125 2487 2262 2566 ipso

517 2578 737 2656 patris
788 2579 1044 2639 interitu
1094 2578 1371 2659 incipere
1422 2578 1672 2638 dicatur
1690 2601 1715 2646 ;
1757 2579 1880 2638 erit
1928 2580 2042 2639 hoc
2074 2580 2261 2660 prin-

530 2672 758 2752 cipium
802 2673 1085 2732 ultimum
1126 2671 1290 2751 quod
1328 2692 1470 2732 non.
1562 2673 1640 2731 Si
1666 2692 1810 2731 vero
1839 2672 2114 2732 dicamas
2142 2672 2260 2731 Izoe-

529 2766 703 2825 redis
725 2769 839 2846 jas
878 2766 1155 2827 inchoari
1193 2787 1234 2825 a
1255 2766 1467 2847 primo
1498 2773 1785 2825 momento
1815 2765 2219 2824 successionis
2239 2790 2261 2832 ;

529 2860 716 2919 etiam
744 2861 837 2921 ita
866 2881 1010 2920 vere
1034 2860 1286 2934 dicitur,
1325 2860 1442 2919 sed
1465 2859 1576 2919 hoc
1597 2858 1978 2940 principiam
2014 2867 2107 2918 est
2135 2861 2261 2939 pri-

529 2973 698 3013 mum
728 2955 894 3033 quod
922 2944 1028 3015 sic.

615 3048 695 3107 B.
745 3049 1066 3109 Subtiliter
1094 3048 1244 3107 haec.

613 3141 695 3201 A.
741 3142 876 3211 Ita;
920 3162 991 3201 ac
1022 3143 1073 3201 si
1103 3141 1372 3212 dixisset,
1398 3140 1583 3199 finem
1614 3140 1829 3218 capitis
1858 3140 2260 3218 praecedentis

529 3255 659 3295 esse
688 3235 1055 3314 principium
1085 3234 1303 3312 capitis
1332 3234 1531 3311 hujus

615 3328 696 3388 B.
744 3328 1059 3388 Subtiliter
1089 3326 1246 3397 dico,
1277 3326 1341 3386 id
1377 3337 1490 3399 est,
1521 3326 1897 3399 scholastice,
1928 3327 2024 3386 vel
2065 3335 2258 3386 meta-

528 3423 795 3503 physice.
870 3421 1232 3483 Scholastici
1278 3421 1439 3480 enim
1474 3420 1619 3480 olim
1667 3420 2041 3480 subtilissimi
2077 3420 2259 3479 habe-

526 3520 772 3579 bantur.

615 3612 695 3672 A.
741 3610 1064 3672 Subtiliter
1092 3630 1204 3690 pro
1235 3609 1509 3669 barbere.
1586 3609 1739 3671 Quis
1768 3609 2012 3688 putabit
2048 3607 2253 3668 incho-
