2462 4120
198 541 309 574 CAP.
338 543 390 575 ΙΙ.

182 644 238 677 De
259 647 408 681 aestibus

178 698 342 734 marinis.

487 369 607 422 316
947 384 1416 427 PROBLEMATA
1447 385 1769 429 PHYSICA.

485 515 630 575 dare
653 519 1127 597 respondentem
1159 523 1355 581 motui
1379 522 1598 582 diurno
1627 523 1818 601 ipsius
1843 530 2023 581 terrae
2048 541 2230 600 super

484 620 766 670 centrum
794 616 1110 692 proprium
1142 616 1206 673 in
1236 616 1420 693 plano
1454 616 1772 694 eclipticae.

569 703 650 763 B.
698 706 870 766 Idem
901 708 1145 767 videtur
1180 709 1365 767 etiam
1398 709 1563 767 mihi.
1656 709 1823 770 Quid
1863 709 2025 767 enim
2073 708 2232 766 veri-

483 797 738 859 similius
769 821 897 860 esse
938 811 1162 879 potest,
1205 823 1388 880 quam
1431 812 1500 860 ut
1547 822 1732 862 causa
1782 812 1984 861 motus
2027 801 2232 860 diurni

480 899 662 951 terrae
692 894 771 952 sit
800 904 1000 954 motus
1032 895 1249 973 aliquis
1280 896 1343 953 in
1376 895 1542 953 sole?
1630 897 1709 953 Et
1739 897 1857 955 nisi
1883 896 2232 954 volveretur

479 984 625 1044 111113
665 1007 846 1065 super
887 998 1164 1047 centrum
1209 988 1545 1065 proprium,
1585 986 1806 1047 faciem
1841 990 1969 1066 ejus
2000 988 2231 1066 aspice-

479 1098 681 1139 remus
725 1081 910 1139 modo
950 1101 1158 1152 unam,
1213 1080 1399 1139 modo
1450 1080 1745 1139 alteram:
1792 1101 1973 1158 quam
2021 1092 2231 1140 tamen

481 1173 778 1246 videmus,
811 1195 996 1233 unam
1028 1194 1268 1252 semper
1299 1184 1362 1232 et
1394 1173 1671 1233 eandem.

563 1267 641 1326 A.
690 1270 907 1327 Restat
938 1289 1129 1326 unum
1160 1268 1323 1326 circa
1354 1276 1538 1326 aestus
1580 1267 1849 1325 marinos
1878 1267 2232 1344 phaenome-

477 1381 602 1420 non
652 1364 925 1421 omnium
972 1362 1531 1421 mirabilissimum:
1589 1380 1829 1438 nempe,
1873 1361 2090 1438 ingens
2130 1359 2232 1418 ille

477 1456 677 1514 fluxus
707 1457 811 1534 qui
841 1456 1094 1533 singulis
1125 1454 1451 1514 noviluniis
1482 1464 1544 1512 et
1575 1453 1926 1531 pleniluniis
1958 1453 2233 1512 cernitur

477 1549 543 1607 in
593 1550 846 1608 flumine
903 1550 1197 1621 Sabrinae,
1254 1557 1314 1606 et
1366 1548 1523 1606 alter
1580 1547 1644 1605 in
1697 1547 2005 1606 contraria
2055 1555 2231 1624 parte

477 1643 716 1721 Angliae
748 1643 810 1702 111
842 1643 1025 1701 litore
1065 1642 1198 1720 agri
1239 1640 1709 1699 LincolniensiS.
1800 1640 2004 1700 Quam
2049 1650 2230 1718 putas

475 1738 656 1815 hujus
686 1736 1078 1814 phaenomeni
1109 1754 1240 1793 esse
1273 1754 1521 1793 causam
1546 1733 1566 1792 ?

559 1830 637 1889 Β.
686 1831 884 1889 Causa
934 1839 1195 1888 aestuum
1248 1837 1604 1886 nostrorum
1655 1826 2018 1898 communiS,
2072 1826 2232 1885 sicut

476 1934 618 1983 ante
651 1924 797 1996 dixi,
824 1934 917 1982 est
942 1923 1168 2001 partim
1195 1943 1354 2000 aqua
1383 1922 1506 1993 illa,
1529 1941 1667 2000 quae
1696 1919 1893 1978 fertur
1922 1939 2033 1998 per
2062 1939 2231 1980 mare

477 2018 856 2077 Atlanticum
889 2036 1100 2076 versus
1135 2015 1634 2094 Septentriones:
1679 2014 1905 2092 partim
1937 2013 2042 2072 illa
2072 2033 2229 2092 quae,

478 2113 739 2170 influens
764 2112 828 2169 in
851 2111 1079 2169 fretum
1100 2110 1304 2168 Anian
1331 2118 1392 2168 et
1420 2118 1659 2187 partem
1679 2107 1844 2166 Asiae
1875 2116 1937 2166 et
1966 2107 2230 2184 Europae

482 2206 804 2264 Borealem
850 2204 1306 2274 circumfluens,
1338 2203 1539 2262 tendit
1585 2221 1795 2260 rursus
1834 2202 1899 2259 in
1929 2201 2231 2262 Austrum

476 2319 587 2377 per
616 2318 786 2357 mare
823 2297 1255 2356 Germanicum
1293 2305 1352 2355 et
1387 2296 1815 2367 Hibernicum,
1861 2303 1924 2354 et
1962 2294 2112 2354 facit
2159 2305 2231 2356 ut

477 2412 640 2471 aqua
668 2391 853 2450 maris
884 2392 947 2448 in
979 2391 1097 2449 illis
1128 2390 1278 2449 locis
1311 2390 1605 2448 altissime
1636 2409 1699 2448 se
1731 2389 1944 2447 elevet.
2020 2391 2229 2469 Atque

476 2486 621 2545 hinc
651 2485 995 2544 necessario
1026 2484 1272 2556 accidit,
1303 2495 1373 2542 ut
1420 2484 1482 2541 in
1517 2483 1687 2542 ostiis
1721 2482 2064 2555 fluminum,
2093 2502 2230 2560 quae

477 2589 541 2638 et
598 2579 801 2657 ampla
858 2587 1002 2636 sunt
1060 2588 1123 2635 et
1175 2577 1407 2635 directe
1461 2577 1867 2635 obvertuntur
1918 2575 2067 2634 locis
2122 2576 2231 2635 ubi

476 2693 652 2752 aquae
671 2674 747 2731 ab
767 2673 886 2731 hoc
911 2690 1213 2730 concursu
1237 2679 1498 2729 aestuum
1518 2669 2003 2742 accumulantur,
2027 2669 2230 2729 fluxus

477 2768 709 2844 majore
741 2785 923 2844 quam
965 2765 1112 2824 alias
1156 2765 1392 2842 impetu
1435 2765 1564 2822 fiat.
1655 2762 1839 2822 Sinus
1891 2773 2100 2821 autem
2150 2763 2231 2822 ad

477 2860 701 2919 ostium
753 2859 1029 2919 Sabrinae
1059 2858 1214 2917 mari
1245 2857 1581 2928 Atlantico,
1615 2865 1678 2914 et
1728 2856 1895 2913 sinus
1931 2855 2032 2914 ille
2072 2856 2229 2916 alter

474 2953 538 3011 in
570 2973 718 3030 agro
751 2951 1183 3024 Lincolniensi,
1222 2952 1375 3009 mari
1417 2949 1782 3009 Germanico
1826 2949 2228 3010 directissime

475 3047 912 3117 obvertuntur,
958 3045 1139 3103 ambo
1190 3044 1399 3121 magni
1442 3043 1796 3101 existentes,
1885 3042 2018 3120 Ego
2066 3042 2228 3102 tanti

474 3148 658 3198 aestus
689 3139 793 3217 qui
823 3139 1002 3198 aliter
1029 3138 1162 3196 fieri
1192 3147 1473 3215 possunt,
1512 3157 1636 3195 non
1667 3136 1965 3213 intelligo,
2059 3136 2228 3196 Quas

475 3242 680 3292 autem
728 3232 982 3291 causas*
1031 3232 1250 3289 harum
1311 3251 1514 3289 rerum
1567 3230 1916 3308 philosophi
1969 3229 2227 3308 Collegii

476 3325 935 3386 Greshamensis
955 3325 1209 3383 causas*
1241 3324 1512 3384 reddunt
1542 3324 1710 3382 hisce
1729 3323 2214 3402 probabiliores?

561 3419 642 3478 A.
688 3420 780 3478 De
812 3419 1008 3478 causis
1039 3418 1239 3477 adhuc
1272 3419 1523 3478 omnino
1557 3419 1757 3477 silent.
1849 3416 2009 3475 Illud
2048 3426 2225 3475 tuum

1014 3602 1043 3630 *
1084 3602 1164 3650 Sic
1189 3603 1303 3650 edit.
1336 3604 1462 3650 1662
1488 3609 1537 3649 et
1566 3604 1709 3649 1668.
