2462 4120
604 387 724 450 370
986 405 1071 446 DE
1107 406 1610 452 MAGNITUDINE
1647 410 1947 454 crucum.

297 560 432 592 PROP.
458 561 530 593 x1.
603 540 763 599 enim
807 543 1069 620 aequales
1114 547 1236 606 sint
1277 548 1392 620 PC,
1426 549 1528 622 Id,
1574 550 1820 629 dempta
1863 551 2171 610 communi
2202 550 2322 624 Pol,

293 616 531 644 ”w
601 634 921 694 restabunt
950 637 1045 709 IP,
1079 639 1187 698 cd
1210 642 1504 719 aequales:
1535 643 1698 702 unde
1728 644 1998 722 sequitur
2027 643 2155 724 Gg,
2188 645 2322 718 BQ,

603 747 738 805 quae
784 729 928 808 ipsis
973 732 1070 804 ΙΡ,
1112 733 1218 792 Cd
1259 744 1400 794 sunt
1450 738 1711 814 aequales
1755 748 2013 816 utraque
2060 739 2320 817 utrique,

601 824 863 902 aequales
895 826 1077 886 etiam
1107 846 1237 886 esse
1268 828 1430 887 inter
1459 849 1541 888 se.

687 918 914 980 Coroll.
938 921 1000 980 ii.
1047 922 1237 980 Recta
1256 922 1370 981 ΘΟ,
1389 931 1480 981 θεῖ
1510 925 1755 1002 aequalis
1784 934 1967 986 rectae
1992 926 2111 1004 Bg.
2172 925 2323 984 Duae

600 1012 761 1072 θ111111
791 1015 917 1094 Gg,
950 1017 1076 1095 Eg,
1109 1016 1460 1093 compositae
1491 1017 1724 1077 faciunt
1757 1028 1948 1079 totam
1979 1020 2111 1080 BG.

688 1106 917 1167 Coroll.
949 1109 1032 1168 iii.
1077 1110 1186 1168 ΕΚ
1217 1110 1313 1167 vel
1346 1110 1457 1168 Hle
1498 1112 1743 1189 aequalis
1773 1123 1864 1172 est
1896 1115 2024 1174 Hs.
2111 1114 2184 1172 In
2214 1114 2325 1172 tri-

598 1202 822 1279 angulo
854 1203 1012 1260 enim
1044 1203 1393 1281 aequilatero
1418 1205 1608 1275 KVO,
1639 1207 1780 1284 quia
1808 1217 1978 1266 recta
1993 1208 2109 1266 VK
2139 1207 2325 1285 dupla

599 1304 692 1354 est
741 1306 923 1355 rectae
953 1297 1062 1355 EK
1092 1298 1189 1356 vel
1215 1298 1344 1370 Hk,
1398 1299 1581 1359 etiam
1625 1311 1794 1360 recta
1822 1302 1932 1361 VO
1975 1301 2160 1380 dupla
2207 1289 2326 1361 erit

599 1390 870 1468 ejusdem
916 1391 1035 1450 ΕΚ
1081 1392 1176 1451 vel
1227 1393 1355 1452 ch.
1442 1393 1553 1453 Est
1608 1405 1813 1455 autem
1870 1396 2083 1456 eadem
2140 1396 2325 1476 dupla

597 1494 783 1544 rectae
814 1485 942 1557 Hs,
975 1485 1116 1563 quia
1147 1485 1231 1545 ΙΟ
1271 1495 1362 1546 θεῖ
1410 1488 1773 1566 quadratum
1825 1491 1996 1568 cujus
2030 1491 2188 1550 latus
2231 1500 2324 1550 θεῖ

598 1580 828 1656 aequale
861 1579 989 1639 HS.
1078 1580 1291 1658 Itaque
1314 1582 1532 1659 juncta
1555 1583 1666 1658 Sk,
1692 1592 1752 1644 et
1779 1585 2081 1664 producta
2108 1586 2188 1645 ad
2210 1585 2323 1645 DA

597 1673 661 1732 in
693 1673 734 1747 i,
766 1674 1012 1753 aequalis
1042 1675 1158 1735 erit
1188 1685 1371 1735 rectae
1400 1676 1512 1736 AO
1543 1677 1667 1738 sive
1697 1688 1881 1740 rectae
1911 1680 2028 1740 Ae.

1271 1863 1653 1907 SCHOLIUM.

679 1960 770 2018 Ex
799 1959 874 2018 iis
906 1980 1041 2038 quae
1070 1960 1364 2021 hactenus
1395 1961 1811 2021 demonstrata
1839 1970 1999 2035 sunt,
2031 1961 2207 2021 facile
2231 1971 2325 2021 θεῖ

600 2054 788 2113 cuivis
811 2064 996 2114 rectae
1018 2054 1175 2114 datae
1199 2055 1379 2115 aliam
1402 2066 1633 2115 rectam
1662 2056 1954 2134 invenire,
1975 2076 2110 2134 quae
2138 2057 2325 2115 habet

598 2147 678 2206 ad
732 2147 899 2207 illam
948 2149 1251 2208 rationem
1301 2149 1738 2208 semidiametri
1788 2149 1866 2209 ad
1923 2169 2134 2209 arcum
2177 2170 2325 2228 qua-

600 2242 830 2301 drantis
851 2242 1080 2315 circuli,
1100 2242 1204 2301 illa
1222 2243 1672 2302 semidiametro
1693 2243 2000 2323 descripti.
2045 2243 2324 2323 Exempli

599 2355 799 2408 causa,
821 2336 871 2394 si
901 2336 979 2395 sit
1010 2336 1153 2395 data
1174 2346 1345 2395 recta
1366 2336 1490 2409 Rn,
1517 2346 1579 2395 et
1603 2347 1912 2414 quaeratur
1940 2346 2109 2397 recta
2129 2357 2324 2416 aequa-

598 2429 670 2487 lis
722 2430 891 2489 arcui
948 2430 1302 2508 quadrantis
1354 2430 1642 2510 descripti
1695 2431 2146 2491 semidiametro
2197 2433 2324 2504 Rn,

600 2523 858 2583 ducatur
887 2544 923 2583 a
953 2533 1163 2584 centro
1188 2525 1400 2584 circuli
1423 2525 1479 2584 A
1507 2534 1676 2584 recta
1705 2525 1830 2596 An,
1860 2535 1921 2584 et
1949 2526 2328 2604 producatur

599 2617 679 2676 ad
719 2618 839 2677 ΒΜ
875 2619 938 2677 111
983 2620 1054 2691 Ε,
1096 2619 1210 2679 erit
1251 2621 1351 2679 BE
1391 2620 1638 2698 aequalis
1682 2621 1850 2679 arcui
1892 2622 2197 2700 descripto
2249 2622 2325 2680 ab

601 2711 721 2769 Ru.
822 2711 1132 2773 Similiter·
1168 2714 1218 2771 si
1280 2723 1589 2791 quaeratur
1645 2722 1814 2772 recta
1869 2714 2031 2773 linea
2081 2714 2327 2792 aequalis

599 2807 769 2864 arcui
815 2807 1169 2885 quadrantis
1217 2807 1506 2886 descripti
1559 2828 1595 2867 a
1642 2808 1865 2868 lineola
1908 2809 2021 2882 nV‚
2068 2809 2329 2868 ducatur

599 2900 711 2959 AV
741 2909 801 2959 et
828 2901 1203 2979 producatur
1233 2902 1310 2961 ad
1342 2902 1462 2960 ΒΜ
1493 2902 1557 2960 111
1588 2923 1658 2975 w,
1691 2903 1923 2981 eritque
1954 2903 2067 2963 Ew
2094 2903 2191 2963 vel
2223 2903 2326 2962 EL

599 2995 848 3072 aequalis
878 2996 1046 3066 arcui
1074 2995 1425 3074 quadrantis
1465 2996 1755 3074 descripti
1785 2998 1860 3056 ab
1891 2997 2005 3056 nV.
2091 2998 2248 3057 Item
2277 2998 2329 3056 si

601 3089 745 3148 data
783 3098 951 3148 recta
995 3090 1265 3168 qualibet
1308 3091 1371 3149 in
1415 3100 1584 3150 recta
1624 3091 1766 3163 ΒΜ,
1798 3101 2108 3171 quaeratur
2150 3112 2327 3153 arcus

602 3182 812 3242 circuli
841 3183 957 3260 ipsi
980 3185 1247 3262 aequalis⁹
1271 3185 1615 3244 invenietur
1643 3185 1760 3244 hoc
1789 3185 1992 3245 modo,
2060 3185 2154 3244 Sit
2183 3185 2328 3244 data

600 3286 769 3336 recta
797 3278 903 3336 AE
931 3303 945 3343 ;
991 3288 1262 3338 sumatur
1292 3280 1355 3337 in
1379 3279 1501 3338 ΒΜ
1531 3289 1699 3338 recta
1730 3280 1821 3338 Ba
1845 3279 2092 3357 aequalis
2122 3280 2246 3351 AE,
2267 3287 2329 3338 et

601 3372 676 3430 ab
707 3400 738 3429 a
771 3370 1127 3430 demittatur
1158 3372 1739 3451 perpendiculariter
1782 3383 1951 3432 recta
1980 3375 2075 3446 αξ,
2115 3393 2326 3432 secans

602 3466 727 3524 AM
758 3467 822 3525 in
851 3468 903 3535 ξ,
935 3477 997 3525 θῖ
1026 3487 1062 3525 a
1090 3477 1318 3544 puncto
1349 3470 1383 3525 ξ
1414 3467 1672 3527 ducatur
1702 3468 1803 3528 ΕΘ.
1839 3466 2125 3546 parellela
2152 3467 2328 3526 lateri

603 3560 726 3630 BC,
767 3561 882 3620 erit
911 3581 1086 3620 arcus
1116 3562 1469 3639 quadrantis
1501 3562 1789 3641 descripti
1819 3563 1893 3622 ab
1928 3562 2048 3623 ΑΘ,
2081 3561 2328 3640 aequalis

601 3664 786 3715 rectae
819 3655 921 3716 Q&
948 3655 1070 3715 sive
1100 3656 1226 3715 ΑΕ.
1285 3708 1289 3714 .
